@Misc{ISO11:_C,
  key =		 {ISO/IEC-9899:2011},
  language =	 {english},
  author =	 {{{I}nternational {O}rganization
		   for {S}tandardization}},
  title =	 {{I}nformation Technology --
		  {P}rogramming Languages -- {C}},
  howpublished = {ISO/IEC 9899:2011},
  year =	 2011
}

@Misc{ISO11:_C++,
  key =		 {ISO/IEC-14882:2011},
  language =	 {english},
  author =	 {{{I}nternational {O}rganization
		   for {S}tandardization}},
  title =	 {{I}nformation Technology --
		  {P}rogramming Languages -- {C++}},
  howpublished = {ISO/IEC 14882:2011},
  year =	 2011
}
