@Misc{SDSAB:_necronomicon_real,
  language =	 {english},
  key =		 {SDSAB01},
  title =	 {Was {H.} {P.} {L}ovecraft's ``{N}ecronomicon'' for Real?},
  howpublished = {\url{http://www.straightdope.com/columns/read/1934}},
  month =	 jul,
  year =	 2001
}

@Misc{Wikipedia14:_necronomicon,
  language =	 {english},
  title =	 {Necronomicon},
  howpublished = {\url{http://en.wikipedia.org/wiki/Necronomicon}},
  month =	 oct,
  year =	 2014
}

@Misc{gilmore03:_necronomicon_facts,
  language =	 {english},
  author =	 {Gilmore, Peter H.},
  title =	 {Necronomicon: Some Facts about a Fiction},
  howpublished = {\url{http://www.churchofsatan.com/Pages/FAQnecronomicon.html}},
  year =	 2003
}

@Book{harms03:_necronomicon_files,
  language =	 {english},
  author =	 {Harms, Daniel and
		  Gonce {III}, John Wisdom and
		  Goncelli, John Wisdom},
  title =	 {Necronomicon Files: The Truth Behind {L}ovecraft's Legend},
  publisher =	 {Red Wheel/Weiser},
  year =	 2003
}

@Book{hay78:_necronomicon,
  language =	 {english},
  author =	 {Hay, George},
  title =	 {Necronomicon: The Book of Dead Names},
  publisher =	 {Neville Spearman, Ltd.},
  year =	 1978
}

@Misc{lovecraft38:_history_necronomicon,
  language =	 {english},
  author =	 {Lovecraft, Howard Phillip},
  title =	 {The History of the {N}ecronomicon},
  year =	 1938
}

@InCollection{lovecraft95:_history_necronomicon,
  language =	 {english},
  author =	 {Lovecraft, Howard Phillips},
  title =	 {The History of the {N}ecronomicon},
  booktitle =	 {Miscellaneous Writings by {H}. {P}. {L}ovecraft},
  publisher =	 {Arkham House Publishers},
  year =	 1995,
  editor =	 {Joshi, S. T.}
}

@Book{simon77:_necronomicon,
  language =	 {english},
  author =	 {Simon},
  title =	 {Necronomicon},
  publisher =	 {Schlangekraft, Inc.},
  year =	 1977
}
