@Preamble{"\newcommand{\noopsort}[1]{}"}

@InProceedings{Drmota:2011:MTD:2133036.2133064,
  language =	 {english},
  author =	 {Drmota, Michael and
		  Szpankowski, Wojciech},
  title =	 {A Master Theorem
		  for Discrete Divide and Conquer Recurrences},
  booktitle =	 {Proceedings of the Twenty-Second Annual ACM-SIAM
		  Symposium on Discrete Algorithms},
  series =	 {SODA '11},
  year =	 2011,
  location =	 {San Francisco, CA, USA},
  pages =	 {342--361},
  numpages =	 20,
  where =	 {http://dl.acm.org/citation.cfm?id=2133036.2133064},
  acmid =	 2133064,
  publisher =	 {SIAM},
  keywords =	 {Boncelet's data compression algorithm, Dirichlet
		  series, Mellin-Perron formula, Tauberian theorem,
		  divide-and-conquer recurrence},
}

@Article{Klein:2010:SFV:1743546.1743574,
  language =	 {english},
  author =	 {Klein, Gerwin and
		  Andronick, June and
		  Elphinstone, Kevin and
		  Heiser, Gernot and
		  Cock, David and
		  Derrin, Philip and
		  Elkaduwe, Dhammika and
		  Engelhardt, Kai and
		  Kolanski, Rafal and
		  Norrish, Michael and
		  Sewell, Thomas and
		  Tuch, Harvey and
		  Winwood, Simon},
  title =	 {se{L}4: Formal Verification
		  of an Operating-System Kernel},
  journal =	 {Communications of the ACM},
  volume =	 53,
  number =	 6,
  month =	 jun,
  year =	 2010,
  pages =	 {107--115},
  where =	 {http://doi.acm.org/10.1145/1743546.1743574},
  doi =		 {10.1145/1743546.1743574}
}

@InCollection{Knuth:1990:SPW:119872.119899,
  language =	 {english},
  author =	 {Knuth, Donald E.},
  title =	 {A Simple Program Whose Proof Isn't},
  booktitle =	 {Beauty is Our Business},
  editor =	 {Gries, David},
  year =	 1990,
  isbn =	 {0-387-97299-4},
  pages =	 {233--242},
  numpages =	 10,
  acmid =	 119899,
  publisher =	 {Springer},
  address =	 {New York, NY, USA},
  where =	 {http://dl.acm.org/citation.cfm?id=119872.119899}
}

@Article{Perlman:1985:ADC:318951.319004,
  language =	 {english},
  author =	 {Perlman, Radia},
  title =	 {An Algorithm for Distributed Computation of a
		  Spanningtree in an Extended {LAN}},
  journal =	 {SIGCOMM Computer Communications Review},
  volume =	 15,
  issue =	 4,
  month =	 sep,
  year =	 1985,
  issn8 =	 {0146-4833},
  pages =	 {44--53},
  numpages =	 10,
  where =	 {http://doi.acm.org/10.1145/318951.319004},
  doi =		 {10.1145/318951.319004},
  acmid =	 319004,
  publisher =	 {ACM},
  address =	 {New York, NY, USA},
}

@Article{abel26:_beweis_unmoeg_gleichungen,
  language =	 {german},
  author =	 {Abel, Niels Henrik},
  title =	 {Beweis der {U}nm{\"o}glichkeit,
		  algebraische {G}leichungen von h{\"o}heren {G}raden
		  als dem vierten allgemein aufzul{\"o}sen},
  journal =	 {Journal f{\"u}r die reine und angewandte Mathematik},
  year =	 1826,
  volume =	 1,
  pages =	 {65-84},
  where =	 {http://www.digizeitschriften.de/dms/img/?PPN=PPN243919689_0001&DMDID=dmdlog12}
}

@Article{abel26:_identity,
  language =	 {german},
  author =	 {Abel, Niels Henrik},
  title =	 {Beweis eines {A}usdruckes,
		  von welchem die {B}inomial-{F}ormel
		  ein einzelner {F}all ist},
  journal =	 {Journal f{\"u}r die reine und angewandte Mathematik},
  year =	 1826,
  volume =	 1,
  pages =	 {159-160},
  where =	 {http://www.digizeitschriften.de/dms/img/?PPN=PPN243919689_0001&DMDID=dmdlog22}
}

@Book{acton90:_numerical_methods_work,
  language =	 {english},
  author =	 {Acton, Forman S.},
  title =	 {Numerical Methods that Work},
  publisher =	 {Mathematical Association of America},
  year =	 1990
}

@Book{agans06:_debugging,
  language =	 {english},
  author =	 {Agans, David J.},
  title =	 {Debugging: The 9 Indispensable Rules
		  for Finding Even the Most Elusive
		  Software and Hardware Problems},
  publisher =	 {AMACOM},
  year =	 2006
}

@Article{agrawal04:_primes_in_P,
  author = 	 {Agrawal, Manindra and
		  Kayal, Neeraj and
		  Saxena, Nitin},
  title = 	 {{PRIMES} is in \(\P\)},
  journal = 	 {Annals of Mathematics},
  year = 	 2004,
  volume =	 160,
  number =	 2,
  pages =	 {781-793},
  month =	 sep,
  doi =		 {10.4007/annals.2004.160.781},
  where =	 {http://annals.math.princeton.edu/wp-content/uploads/annals-v160-n2-p12.pdf}
}

@Book{aho74:_design_anal_comp_algor,
  language =	 {english},
  author =	 {Aho, Alfred V. and
		  Hopcroft, John E. and
		  Ullman, Jeffrey D.},
  title =	 {The Design and Analysis of Computer Algorithms},
  publisher =	 {Addison-Wesley},
  year =	 1974,
  isbn10 =	 {0201000296}
}

@Book{aho83:_data_struc_algor,
  language =	 {english},
  author =	 {Aho, Alfred V. and
		  Hopcroft, John E. and
		  Ullman, Jeffrey D.},
  title =	 {Data Structures and Algorithms},
  publisher =	 {Addison-Wesley},
  year =	 1983,
  isbn10 =	 {0201000237}
}

@Book{aho92:_FoCS,
  language =	 {english},
  author =	 {Aho, Alfred V. and
		  Ullman, Jeffrey D.},
  title =	 {Foundations of Computer Science},
  publisher =	 {Computer Science Press},
  year =	 1992,
}

@Book{aho94:_FoCS,
  language =	 {english},
  author =	 {Aho, Alfred V. and
		  Ullman, Jeffrey D.},
  title =	 {Foundations of Computer Science},
  publisher =	 {W. H. Freeman},
  year =	 1994,
  edition =	 {{C}},
  where =	 {http://infolab.stanford.edu/~ullman/focs.html}
}

@Book{aigner03:_proof_the_book,
  language =	 {english},
  author =	 {Aigner, Martin and
		  Ziegler, G{\"u}nter M.},
  title =	 {Proofs from {THE} {BOOK}},
  publisher =	 {Springer},
  year =	 2003,
  edition =	 {Third}
}

@Book{aigner07:_course_enumeration,
  language =	 {english},
  author =	 {Aigner, Martin},
  title =	 {A Course in Enumeration},
  publisher =	 {Springer},
  year =	 2007,
  number =	 238,
  series =	 {Graduate Texts in Mathematics},
  where =	 {bok%3A978-3-540-39035-0.pdf}
}

@Book{aigner12:_proof_the_book,
  language =	 {english},
  author =	 {Aigner, Martin and
		  Ziegler, G{\"u}nter M.},
  title =	 {Proofs from {THE} {BOOK}},
  publisher =	 {Springer},
  year =	 2012,
  edition =	 {Fourth},
  isbn10 =	 {3642008550}
}

@Book{aigner12:_zahlentheorie,
  language =	 {german},
  author =	 {Aigner, Martin},
  title =	 {Zahlentheorie},
  publisher =	 {Vieweg + Teubner},
  year =	 2012,
  doi =		 {10.1007/978-3-8348-8344-5_1}
}

@Book{aigner14:_proof_the_book,
  language =	 {english},
  author =	 {Aigner, Martin and
		  Ziegler, G{\"u}nter M.},
  title =	 {Proofs from {THE} {BOOK}},
  publisher =	 {Springer},
  year =	 2014,
  edition =	 {Fifth}
}

@Article{akra98:_sol_lin_recurr_eqs,
  language =	 {english},
  author =	 {Akra, Mohamad and
		  Bazzi, Louay},
  title =	 {On the Solution of Linear Recurrence Equations},
  journal =	 {Computational Optimization and Applications},
  year =	 1998,
  volume =	 10,
  number =	 2,
  pages =	 {195-210},
  month =	 may
}

@Article{alford94:_there_infin_many_carmic_number,
  language =	 {english},
  author =	 {Alford,W. R. and
		  Granville, Andrew and
		  Pommerance, Carl},
  title =	 {There are Infinitely Many {C}armichael Numbers},
  journal =	 {Annals of Mathematics},
  year =	 1994,
  volume =	 139,
  number =	 3,
  pages =	 {703-722},
  month =	 may,
  doi =		 {10.2307/2118576},
  where =	 {http://www.math.dartmouth.edu/~carlp/PDF/paper95.pdf}
}

@Book{allenby11:_how_count,
  language =	 {english},
  author =	 {Allenby, R. B. J. T. and
		  Slomson, Alan},
  title = 	 {How to Count: An Introduction to Combinatorics},
  publisher = 	 {CRC Press},
  year = 	 2011,
  edition =	 {Second}
}

@Book{anderson01:_first_course_discr_math,
  language =	 {english},
  author =	 {Anderson, Ian},
  title =	 {A First Course in Discrete Mathematics},
  publisher =	 {Springer},
  year =	 2001,
  series =	 {Springer Undergraduate Mathematics Series}
}

@Book{anderson08:_secur_engin,
  language =	 {english},
  author =	 {Anderson, Ross J.},
  title =	 {Security Engineering: A Guide to Building Dependable
		  Distributed Systems},
  publisher =	 {John Wiley \& Sons},
  year =	 2008,
  edition =	 {Second},
  isbn10 =	 {0470068523}
}

@InProceedings{anderson96:_minding_your_p_and_q,
  language =	 {english},
  author =	 {Anderson, Ross and
		  Vaudenay, Serge},
  title =	 {Minding Your {P}'s and {Q}'s},
  booktitle =	 {Advances in Cryptology - ASIACRYPT'96, LNCS 1163},
  year =	 1996,
  pages =	 {26-35},
  publisher =	 {Springer},
  where =	 {http://www.cl.cam.ac.uk/~rja14/Papers/psandqs.pdf}
}

@Article{andre81:_sur_permut_alter,
  language =	 {french},
  author =	 {Andr{\'e}, D{\'e}sir{\'e}},
  title =	 {Sur les Permutations Altern{\'e}es},
  journal =	 {Journal de Math{\'e}matiques Pures et Apliqu{\'e}es,
		  \(3^{\mathrm{e}}\) s{\'e}rie},
  year =	 1881,
  volume =	 7,
  pages =	 {167-184},
  where =	 {http://mathdoc.emath.fr/JMPA/PDF/JMPA_1881_3_7_A10_0.pdf}
}

@Article{appel77:_four_color_theorem_1,
  language =	 {english},
  author =	 {Appel, Kenneth and
		  Haken, Wolfgang},
  title =	 {Every Planar Map is Four Colorable.
		  {P}art {I}: {D}ischarging.},
  journal =	 {Illinois Journal of Mathematics},
  year =	 1977,
  volume =	 21,
  pages =	 {429-490}
}

@Article{appel77:_four_color_theorem_2,
  language =	 {english},
  author =	 {Appel, Kenneth and
		  Haken, Wolfgang},
  title =	 {Every Planar Map is Four Colorable.
		  {P}art {II}: {R}educibility.},
  journal =	 {Illinois Journal of Mathematics},
  year =	 1977,
  volume =	 21,
  pages =	 {491-567}
}

@article{apt81:_ten_years_hoare_logic,
  language =	 {english},
  author =	 {Apt, Krzysztof R.},
  title =	 {Ten Years of {H}oare's Logic: A Survey -- Part {I}},
  journal =	 {ACM Transactions on Programming Languages and Systems},
  issue_date =	 {Oct. 1981},
  volume =	 3,
  number =	 4,
  month =	 oct,
  year =	 1981,
  issn8 =	 {0164-0925},
  pages =	 {431--483},
  numpages =	 53,
  where =	 {http://doi.acm.org/10.1145/357146.357150},
  doi =		 {10.1145/357146.357150},
  acmid =	 357150,
  publisher =	 {ACM},
  address =	 {New York, NY, USA},
}

@Article{apt84:_ten_years_hoare_logic,
  language =	 {english},
  author =	 {Apt, Krzysztof R.},
  title =	 {Ten Years of {H}oare's Logic: A Survey -- Part {II}:
		  Nondeterminism},
  journal =	 {Theoretical Computer Science},
  year =	 1984,
  volume =	 28,
  number =	 {1-2},
  pages =	 {83-109}
}

@InProceedings{aragon89:_random_search_tree,
  language =	 {english},
  author =	 {Aragon, Cecilia R. and
		  Seidel, Raimund G.},
  booktitle =	 {Thirtieth Annual Symposium
		  on Foundations of Computer Science},
  title =	 {Randomized Search Trees},
  year =	 1989,
  month =	 "October - November",
  pages =	 {540-545},
  abstract =	 {A randomized strategy for maintaining balance in
		  dynamically changing search trees that has optimal
		  expected behavior is presented. In particular, in
		  the expected case an update takes logarithmic time
		  and requires fewer than two rotations. Moreover, the
		  update time remains logarithmic, even if the cost of
		  a rotation is taken to be proportional to the size
		  of the rotated subtree. The approach generalizes
		  naturally to weighted trees, where the expected time
		  bounds for accesses and updates again match the
		  worst case time bounds of the best deterministic
		  methods. The balancing strategy and algorithms are
		  exceedingly simple and should be fast in practice},
  keywords =	 {balancing strategy;dynamically changing search
		  trees;expected time bounds;logarithmic time;optimal
		  expected behavior;rotated subtree;tree
		  balancing;update time;weighted trees;computational
		  complexity;data structures;search problems;trees
		  (mathematics);},
  doi =		 {10.1109/SFCS.1989.63531},
}

@Book{arndt11:_matters_computational,
  language =	 {english},
  author =	 {Arndt, J{\"o}rg},
  title =	 {Matters Computational: Ideas, Algorithms, Source Code},
  publisher =	 {Springer},
  year =	 2011,
  where =	 {http://www.jjj.de/fxt/#fxtbook}
}

@Book{ash07:_complex_variables,
  language =	 {english},
  author =	 {Ash, Robert B. and
		  Novinger, Phil},
  title =	 {Complex Variables},
  publisher =	 {Dover Publications, Inc.},
  year =	 2007,
  edition =	 {Second}
}

@Book{ash08:_basic_probab_theo,
  language =	 {english},
  author =	 {Ash, Robert B.},
  title =	 {Basic Probability Theory},
  publisher =	 {Dover Publications, Inc.},
  year =	 2008,
  where =	 {http://www.math.uiuc.edu/~r-ash/BPT.html}
}

@Book{askey75:_orthogonal_poly_special_functions,
  language =	 {english},
  author =	 {Askey, Richard},
  title =	 {Orthogonal Polynomials and Special Functions},
  publisher =	 {SIAM},
  year =	 1975,
  volume =	 21,
  series =	 {CBMS-NSF Regional Conference Series in Applied Mathematics}
}

@TechReport{aspvall80:_dinner_table_problem,
  language =	 {english},
  author =	 {Aspvall, Bengt and
		  Liang, Frank M.},
  title =	 {The Dinner Table Problem},
  institution =	 {Department of Computer Science, Stanford University},
  year =	 1980,
  number =	 {X-80-829},
  month =	 dec,
  where =	 {http://i.stanford.edu/pub/cstr/reports/cs/tr/80/829/CS-TR-80-829.pdf}
}

@Article{avriel66:_optim_proof_sym_fibonacci_search_techn,
  language =	 {english},
  author =	 {Avriel, Mordecai and
		  Wilde, Douglas J.},
  title =	 {Optimality Proof
		  for the Symmetric {F}ibonacci Search Technique},
  journal =	 {Fibonacci Quarterly},
  year =	 1966,
  volume =	 4,
  number =	 4,
  pages =	 {265-269},
  month =	 oct
}

@TechReport{baeza-yates86:_trivial_algor,
  language =	 {english},
  author =	 {Baeza-Yates, Ricardo A.},
  title =	 {A Trivial Algorithm Whose Analysis Isn't:
		  A Continuation},
  institution =	 {Department of Computer Science,
		  University of Waterloo},
  year =	 1986,
  number =	 {CS-86-67},
  month =	 dec,
  where =	 {https://cs.uwaterloo.ca/research/tr/1986/CS-86-67.pdf}
}

@Article{bailey00:_integ_relat_detec,
  language =	 {english},
  author =	 {Bailey, David H.},
  title =	 {Integer Relation Detection},
  journal =	 {Computing in Science and Engineering},
  year =	 2000,
  volume =	 2,
  number =	 1,
  month =	 {January/February},
  pages =	 {24-28},
  doi =		 {10.1109/MCISE.2000.814653}
}

@Article{banderier05:_why_delannoy_numbers,
  language =	 {english},
  author =	 {Banderier, Cyril and
		  Schwer, Sylviane},
  title =	 {Why {D}elannoy Numbers?},
  journal =	 {Journal of Statistical Planning and Inference},
  year =	 2005,
  volume =	 135,
  number =	 1,
  pages =	 {40-54},
  month =	 nov,
  where =	 {http://arxiv.org/abs/math/0411128}
}

@Book{bang-jensen09:_digraphs,
  language =	 {english},
  author =	 {Bang-Jensen, J{\o}rgen and
		  Gutin, Gregory},
  title =	 {Digraphs: Theory, Algorithms and Applications},
  publisher =	 {Springer},
  year =	 2009,
  edition =	 {Second},
  month =	 dec,
  isbn13 =	 {978-1-84800-997-4},
  where =	 {http://www.cs.rhul.ac.uk/books/dbook/main.pdf}
}

@Book{barbeau00:_math_fallacies_flaws_flimflam,
  language =	 {english},
  author =	 {Barbeau, Edward J.},
  title =	 {Mathematical Fallacies, Flaws, and Flimflam},
  publisher =	 {The Mathematical Association of America},
  year =	 2000
}

@Book{barbeau03:_Pell_equation,
  language =	 {english},
  author =	 {Barbeau, Edward J.},
  title =	 {Pell's Equation},
  publisher =	 {Springer},
  year =	 2003
}

@Book{barbeau89:_polynomials,
  language =	 {english},
  author =	 {Barbeau, Edward J.},
  title =	 {Polynomials},
  publisher =	 {Springer},
  year =	 1989,
  series =	 {Problem Books in Mathematics}
}

@Article{bauer02:_ginac_fram_symbol_comput,
  language =	 {english},
  author =	 {Bauer, Christian and
		  Frink, Alexander and
		  Kreckel, Richard},
  title =	 {Introduction to the {GiNaC} Framework
		  for Symbolic Computation
		  within the {C++} Programming Language},
  journal =	 {Journal of Symbolic Computation},
  year =	 2002,
  volume =	 33,
  number =	 1,
  pages =	 {1-12},
  month =	 jan,
  doi =		 {10.1006/jsco.2001.0494},
  where =	 {http://www.ginac.de/csSC-0004015.pdf}
}

@InCollection{beck09:_Frobenius_problem,
  language =	 {english},
  author =	 {Beck, Matthias},
  title =	 {How to Change Coins, {M}\&{M}'s, or Chicken Nuggets:
		  The Linear Diophantine Problem of {F}robenius},
  booktitle =	 {Resources for Teaching Discrete Mathematics:
		  Classroom Projects, History Modules, and Articles},
  pages =	 {65-74},
  publisher =	 {Mathematical Association of America},
  year =	 2009,
  editor =	 {Hopkins, Brian},
  number =	 74,
  series =	 {MAA Notes},
  where =	 {http://math.sfsu.edu/beck/papers/frobprojects.pdf}
}

@Book{beck11:_art_proof,
  language =	 {english},
  author =	 {Beck, Matthias and
		  Geoghegan, Ross},
  title =	 {The Art of Proof:
		  Basic Training for Deeper Matematics},
  publisher =	 {Springer},
  year =	 2011,
  where =	 {http://math.sfsu.edu/beck/papers/aop.noprint.pdf}
}

@Book{beckman76:_history_pi,
  language =	 {english},
  author =	 {Beckman, Petr},
  title =	 {A History of \(\pi\)},
  publisher =	 {St. Martin's Press},
  year =	 1976,
  edition =	 {Third}
}

@Book{beezer12:_first_course_linear_algebra,
  language =	 {english},
  author =	 {Beezer, Robert A.},
  title =	 {A First Course in Linear Algebra},
  publisher =	 {Congruent Press},
  year =	 2012,
  edition =	 {Third},
  where =	 {http://linear.ups.edu/download.html}
}

@Article{beichl00:_metropolis_algor,
  language =	 {english},
  author =	 {Beichl, Isabel and
		  Sulliwan, Francis},
  title =	 {The {M}etropolis Algorithm},
  journal =	 {Computing in Science and Engineering},
  year =	 2000,
  volume =	 2,
  number =	 1,
  month =	 jan,
  pages =	 {65-69},
  doi =		 {10.1109/MCISE.2000.814660}
}

@Article{bell34:_exp_polynomials,
  language =	 {english},
  author =	 {Bell, Eric Temple},
  title =	 {Exponential POlynomials},
  journal =	 {Annals of Mathematics, second series},
  year =	 1934,
  volume =	 35,
  number =	 2,
  pages =	 {258-277},
  month =	 apr
}

@Article{bell34:_expon_number,
  language =	 {english},
  author =	 {Bell, Eric Temple},
  title =	 {Exponential Numbers},
  journal =	 {The American Mathematical Monthly},
  year =	 1934,
  volume =	 41,
  pages =	 {411-419},
  month =	 aug
}

@Article{bell38:_iterat_expon_integ,
  language =	 {english},
  author =	 {Bell, Eric Temple},
  title =	 {The Iterated Exponential Integers},
  journal =	 {Annals of Mathematics, second series},
  year =	 1938,
  volume =	 39,
  number =	 3,
  pages =	 {539-557},
  month =	 jul
}

@Article{bellman58:_routin_probl,
  language =	 {english},
  author =	 {Bellman, Richard},
  title =	 {On a Routing Problem},
  journal =	 {Quarterly of Applied Mathematics},
  year =	 1958,
  volume =	 16,
  number =	 1,
  pages =	 {87-90},
  where =	 {http://www.ams.org/mathscinet-getitem?mr=0102435}
}

@Book{bender05:_SCDM,
  language =	 {english},
  author =	 {Bender, Edward A. and
		  Williamson, S. Gill},
  title =	 {A Short Course in Discrete Mathematics},
  publisher =	 {Dover Publications, Inc.},
  year =	 2005
}

@Book{bender06:_found_combin_applic,
  language =	 {english},
  author =	 {Bender, Edward A. and
		  Williamson, S. Gill},
  title =	 {Foundations of Combinatorics with Applications},
  publisher =	 {Dover Publications, Inc.},
  year =	 2006,
  isbn10 =	 {0-486-44603-4},
  where =	 {http://www.math.ucsd.edu/~ebender/CombText}
}

@Book{bender11:_MASA,
  language =	 {english},
  author =	 {Bender, Edward A. and
		  Williamson, S. Gill},
  title =	 {Mathematics for Algorithm and Systems Analysis},
  publisher =	 {Dover Publications, Inc.},
  year =	 2011
}

@Article{bender74:_asymp_method_enumer,
  language =	 {english},
  author =	 {Bender, Edward A.},
  title =	 {Asymptotic Methods in Enumeration},
  journal =	 {SIAM Review},
  year =	 1974,
  volume =	 16,
  number =	 4,
  pages =	 {485-515},
  month =	 oct,
  doi =		 {10.1137/1016082},
  where =	 {https://umdrive.memphis.edu/ccrousse/public/MATH%207029/Bender.pdf}
}

@Article{bender75:_appl_moebius_inver_combin_anal,
  language =	 {english},
  author =	 {Bender, Edward A. and
		  Goldman, J. R.},
  title =	 {On the Applications of {M}{\"o}bius Inversion
		  in Combinatorial Analysis},
  journal =	 {The American Mathematical Monthly},
  year =	 1975,
  volume =	 82,
  number =	 8,
  pages =	 {789-803},
  month =	 oct,
  where =	 {http://www.jstor.org/stable/2319793}
}

@Book{benjamin03:_proofs_really_count,
  language =	 {english},
  author =	 {Benjamin, Arthur T. and
		  Quinn, Jenifer J.},
  title =	 {Proof that Really Count:
		  The Art of Combinatorial Proof},
  publisher =	 {The Mathematical Association of America},
  year =	 2003,
  series =	 {Dolciani Mathematical Expositions}
}

@Book{bentley00:_progr_pearl,
  language =	 {english},
  author =	 {Bentley, Jon Louis},
  title =	 {Programming Pearls},
  publisher =	 {Prentice Hall},
  edition =	 {Second},
  year =	 2000,
  isbn10 =	 {0201657880}
}

@Article{bentley80:_gener_method_solvin_divid_conquer_recur,
  language =	 {english},
  author =	 {Bentley, Jon Louis and
		  Haken, Dorothea and
		  Saxe, James B.},
  title =	 {A General Method for Solving Divide-and-Conquer Recurrences},
  journal =	 {ACM SIGACT News},
  year =	 1980,
  volume =	 12,
  number =	 3,
  pages =	 {36-44},
  month =	 {Fall}
}

@Book{bentley82:_writing_efficent_programs,
  language =	 {english},
  author =	 {Bentley, Jon Louis},
  title =	 {Writing Efficient Programs},
  publisher =	 {Prentice-Hall},
  year =	 1982,
  series =	 {Software Series},
  isbn10 =	 {0139702512}
}

@Article{bentley93:_engin_sort_funct,
  language =	 {english},
  author =	 {Bentley, Jon Louis and
		  McIllroy, M. Douglas},
  title =	 {Engineering a Sort Function},
  journal =	 {Software: Practice and Experience},
  year =	 1993,
  volume =	 23,
  number =	 11,
  pages =	 {1249-1265},
  month =	 nov
}

@Book{bergeron98:_combin_speciel_tree_like_struc,
  language =	 {english},
  author =	 {Bergeron, Fran{\c{c}}ois},
  title =	 {Combinatorial Speciel and Tree-Like Structures},
  publisher =	 {Cambridge University Press},
  year =	 1998
}

@Article{bernstein05:_factor_compr_essen_linear_time,
  language =	 {english},
  author =	 {Bernstein, Daniel J.},
  title =	 {Factoring into Comprimes in Essentially Linear Time},
  journal =	 {Journal of Algorithms},
  year =	 2005,
  volume =	 54,
  number =	 1,
  pages =	 {1-30},
  month =	 jan,
  where =	 {http://cr.yp.to/papers.html#dcba}
}

@InProceedings{bernstein12:_NaCl,
  language =	 {english},
  author = 	 {Bernstein, Daniel J. and
		  Lange, Tanja and
		  Schwabe, Peter},
  title = 	 {The Security Impact of a New Cryptographic Library},
  booktitle = 	 {Proceedings of LatinCrypt 2012},
  year =	 2012,
  editor =	 {Hevia, Alejandro and
		  Neven, Gregory},
  number =	 7533,
  series =	 {Lecture Notes in Computer Science},
  address =	 {Santiago, Chile},
  month =	 oct,
  publisher =	 {Springer},
  isbn =	 {978-3-642-33480-1},
  where =	 {http://cr.yp.to/highspeed/coolnacl-20120725.pdf}
}

@InProceedings{bernstein12:_sec_impact_new_crypt_lib,
  language =	 {english},
  author =	 {Bernstein, Daniel J. and
		  Lange, Tanja and
		  Schwabe, Peter},
  title =	 {The Security Impact of a New Cryptographic Library},
  booktitle =	 {Progress in Cryptology -- LATINCRYPT 2012},
  pages =	 {159-176},
  year =	 2012,
  editor =	 {Hevia, Alejandro and
		  Neven, Gregory},
  volume =	 7533,
  series =	 {Lecture Notes in Computer Science},
  month =	 oct,
  publisher =	 {Springer},
  doi =		 {10.1007/978-3-642-33481-8_9}
}

@TechReport{berry92:_academ_legit_softw_eng_discipl,
  language =	 {english},
  author =	 {Berry, Daniel M.},
  title =	 {Academic Legitimacy of the Software Engineering Discipline},
  institution =	 {Software Engineering Institute},
  year =	 1992,
  number =	 "CMU/SEI-92-TR-34",
  month =	 nov,
  where =	 {http://repository.cmu.edu/sei/55}
}

@Article{bertrand45:_memoir,
  language =	 {french},
  author =	 {Bertrand, J.},
  title =	 {M{\'e}moire sur le nombre des valeurs que peut pendre
		  une fonction quand on y permute les lettres
		  qu'elle renferme},
  journal =	 {Journal de l'Ecole Royale Polytechnique},
  year =	 1845,
  volume =	 17,
  pages =	 {123-140}
}

@Book{beskin86:_fascin_fract,
  language =	 {english},
  author =	 {Beskin, Nikolai M.},
  title =	 {Fascinating Fractions},
  publisher =	 {Mir Publishers},
  year =	 1986,
  series =	 {Little Mathematics Library},
  where =	 {http://mirtitles.org/2012/09/13/little-mathematics-library-fascinating-fractions/}
}

@Book{beyer10:_calculus_analysis,
  language =	 {english},
  author =	 {Beyer, Horst R.},
  title =	 {Calculus and Analysis: A Combined Approach},
  publisher =	 {John Wiley \& Sons},
  year =	 2010
}

@Book{biggs02:_discr_mathem,
  language =	 {english},
  author =	 {Biggs, Norman L.},
  title =	 {Discrete Mathematics},
  publisher =	 {Oxford University Press},
  year =	 2002,
  edition =	 {Second},
  isbn10 =	 {0198507178}
}

@Book{bjoerner10:_combin_misc,
  language =	 {english},
  author =	 {Bj{\"o}rner, Anders and
		  Stanley, Richard P.},
  title =	 {A Combinatorial Miscellany},
  publisher =	 {Universit{\'e} de Gen{\`e}ve},
  year =	 2010,
  volume =	 42,
  series =	 {Monographies de l'Enseignement math{\'e}matique},
  month =	 sep,
  where =	 {http://www-math.mit.edu/~rstan/papers/comb.pdf}
}

@Article{blankinship63:_new_version_euclid_algor,
  language =	 {english},
  author =	 {Blankinship, W. A.},
  title =	 {A New Version of the {E}uclidean Algorithm},
  journal =	 {The American Mathematical Monthly},
  year =	 1963,
  volume =	 70,
  number =	 7,
  pages =	 {742-745},
  month =	 sep
}

@Book{bleistein10:_asymp_expan_integ,
  language =	 {english},
  author =	 {Bleistein, Norman and
		  Handelsman, Richard A.},
  title =	 {Asymptotic Expansions of Integrals},
  publisher =	 {Dover Publications, Inc.},
  series =	 {Dover Books on Mathematics},
  year =	 2010
}

@Book{bleistein75:_asymp_expan_integ,
  language =	 {english},
  author =	 {Bleistein, Norman and
		  Handelsman, Richard A.},
  title =	 {Asymptotic Expansions of Integrals},
  publisher =	 {Ardent Media},
  year =	 1975
}

@Article{board00:_fast_multipole_algor,
  language =	 {english},
  author =	 {Board, John and
		  Schulten, Klaus},
  title =	 {The Fast Multipole Algorithm},
  journal =	 {Computing in Science and Engineering},
  year =	 2000,
  volume =	 2,
  number =	 1,
  month =	 {January/February},
  pages =	 {76-79},
  doi =		 {10.1109/MCISE.2000.814662}
}

@Book{bogart00:_introd_combin,
  language =	 {english},
  author =	 {Bogart, Kenneth P.},
  title =	 {Introductory Combinatorics},
  publisher =	 {Brooks Cole},
  year =	 2000,
  edition =	 {Third}
}

@Book{bogart05:_discr_math_comp_scie,
  language =	 {english},
  author =	 {Bogart, Kenneth and
		  Stein, Clifford and
		  Drysdale, Robert L.},
  title =	 {Discrete Mathematics for Computer Science},
  publisher =	 {Key College},
  year =	 2005
}

@Article{bogart86:_non_sexist_soln_menage_probl,
  language =	 {english},
  author =	 {Bogart, Kenneth P. and
		  Doyle, Peter G.},
  title =	 {Non-Sexist Solution of the M{\'e}nage Problem},
  journal =	 {The American Mathematical Monthly},
  year =	 1986,
  volume =	 93,
  number =	 7,
  pages =	 {514-518},
  month =	 "August - September"
}

@Book{bollobas06:_art_math,
  language =	 {english},
  author =	 {Bollob{\'a}s, B{\'e}la},
  title =	 {The Art of Mathematics: Coffee Time in {M}emphis},
  publisher =	 {Cambridge University Press},
  year =	 2006
}

@Book{bona12:_combin_permut,
  language =	 {english},
  author =	 {B{\'o}na, Mikl{\'o}s},
  title =	 {Combinatorics of Permutations},
  publisher =	 {CRC Press},
  year =	 2012,
  series =	 {Discrete Mathematics and Its Applications},
  edition =	 {Second}
}

@Book{bondy76:_graph_theo_applic,
  language =	 {english},
  author =	 {Bondy, J. A. and
		  Murty, U. S. R.},
  title =	 {Graph Theory with Applications},
  publisher =	 {North-Holland},
  year =	 1976,
  isbn10 =	 {0444194517},
  where =	 {http://book.huihoo.com/pdf/graph-theory-With-applications}
}

@Article{boneh99:_twenty_years_attack_RSA,
  language =	 {english},
  author =	 {Boneh, Dan },
  title =	 {Twenty Years of Attacks on the {RSA} Cryptosystem},
  journal =	 {Notices of the AMS},
  year =	 1999,
  volume =	 46,
  number =	 2,
  pages =	 {203--213},
  month =	 feb
}

@InCollection{borges41:_biblioteca_babel,
  language =	 {spanish},
  author = 	 {Borges, Jorge Luis},
  title = 	 {La Biblioteca de {B}abel},
  booktitle = 	 {El Jard{\'\i}n de los Senderos que se Bifurcan},
  publisher =	 {Editorial Sur},
  year =	 1941
}

@Article{boros99:_criter_unimod,
  language =	 {english},
  author =	 {Boros, George and
		  Moll, Victor H.},
  title =	 {A Criterion for Unimodality},
  journal =	 {The Electronic Journal of Combinatorics},
  year =	 1999,
  volume =	 6,
  pages =	 {R10},
  where =	 {http://www.combinatorics.org/ojs/index.php/eljc/article/view/v6i1r10}
}

@Book{bortkiewicz98:_gesetz_kleine_zahlen,
  language =	 {german},
  author =	 {Bortkiewicz, Ladislaus von},
  title =	 {Das {G}esetz der kleinen {Z}ahlen},
  publisher =	 {B. G. Teubner},
  year =	 1898
}

@InProceedings{bostan07:_differ_equat_algeb_funct,
  language =	 {english},
  author =	 {Bostan, Alin and
		  Chyzak, Fr{\'e}d{\'e}ric and
		  Salvy, Bruno and
		  Lecerf, Gr{\'e}goire and
		  Schost, {\'E}ric},
  title =	 {Differential Equations for Algebraic Functions},
  booktitle =	 {Proceedings of the International Symposium on
		  Symbolic and Algebraic Computation},
  series =	 {ISSAC '07},
  year =	 2007,
  isbn13 =	 {978-1-59593-743-8},
  location =	 {Waterloo, Ontario, Canada},
  pages =	 {25--32},
  numpages =	 8,
  doi =		 {10.1145/1277548.1277553},
  acmid =	 1277553,
  publisher =	 {ACM},
  address =	 {New York, NY, USA},
  keywords =	 {algebraic series, complexity, computer algebra,
		  creative telescoping, differential resolvents},
  where =	 {http://dl.acm.org/citation.cfm?id=1277553}
}

@Article{bowen06:_ten_comman_ten_years_later,
  language =	 {english},
  author =	 {Bowen, Jonathan B. and
		  Hinchey, Michael G.},
  title =	 {Ten Commandments\ldots {T}en Years Later},
  journal =	 {IEEE Computer},
  year =	 2006,
  volume =	 39,
  number =	 1,
  pages =	 {40-48},
  month =	 jan,
  doi =		 {10.1109/MC.2006.35},
  where =	 {http://ieeexplore.ieee.org/stamp/stamp.jsp?tp=&arnumber=1580381}
}

@Article{bowen95:_ten_comman_formal_methods,
  language =	 {english},
  author =	 {Bowen, Jonathan B. and
		  Hinchey, Michael G.},
  title =	 {Ten Commandments of Formal Methods},
  journal =	 {IEEE Computer},
  year =	 1995,
  volume =	 28,
  number =	 4,
  pages =	 {56-63},
  month =	 apr,
  doi =		 {10.1109/2.375178}
}

@Book{boyer59:_hist_calculus,
  language =	 {english},
  author =	 {Boyer, Carl B.},
  title =	 {The History of the Calculus and its Conceptual Development},
  publisher =	 {Dover Publications, Inc.},
  year =	 1959,
  where =	 {https://archive.org/details/TheHistoryOfTheCalculusAndItsConceptualDevelopment}
}

@Article{brand55:_seq_def_difference_eq,
  language =	 {english},
  author =	 {Brand, Louis},
  title =	 {A Sequence Defined by a Difference Equation},
  journal =	 {American Mathematical Monthly},
  year =	 1955,
  volume =	 62,
  number =	 7,
  pages =	 {489-492},
  month =	 sep,
  where =	 {http://www.jstor.org/stable/i314858}
}

@Book{brent10:_moder_comput_arith,
  language =	 {english},
  author =	 {Brent, Richard P. and
		  Zimmermann, Paul},
  title =	 {Modern Computer Arithmetic},
  publisher =	 {Cambridge University Press},
  year =	 2010,
  number =	 18,
  series =	 {Cambridge Monographs
		  on Computational and Applied Mathematics},
  month =	 nov,
  where =	 {http://www.loria.fr/~zimmerma/mca/mca-cup-0.5.9.pdf}
}

@Article{brent80:_improved_rho,
  language =	 {english},
  author =	 {Brent, Richard P.},
  title =	 {An Improved {M}onte {C}arlo Factorization Algorithm},
  journal =	 {BIT Numerical Mathematics},
  year =	 1980,
  volume =	 20,
  number =	 2,
  pages =	 {176-184},
  doi =		 {10.1007/BF01933190}
}

@Article{brigham50:_gen_asymp_formul_partit_func,
  language =	 {english},
  author =	 {Brigham, Nelson A.},
  title =	 {A General Asymptotic Formula for Partition Functions},
  journal =	 {Proceedings of the American Mathematical Society},
  year =	 1950,
  volume =	 1,
  number =	 2,
  pages =	 {182-191},
  month =	 apr,
  where =	 {http://www.ams.org/journals/proc/1950-001-02/S0002-9939-1950-0034409-3/S0002-9939-1950-0034409-3.pdf}
}

@Article{broline79:_renum_faces_dice,
  language =	 {english},
  author =	 {Broline, Duane M.},
  title =	 {Renumbering the Faces of Dice},
  journal =	 {Mathematics Magazine},
  year =	 1979,
  volume =	 52,
  number =	 5,
  pages =	 {312-315},
  month =	 nov
}

@Book{brown05:_art_problem_posing,
  language =	 {english},
  author =	 {Brown, Stephen I. and
		  Walter, Marion I.},
  title = 	 {The Art of Problem Posing},
  publisher = 	 {Lawrence Erlbaum Associates},
  year = 	 2005,
  edition =	 {Third}
}

@Book{bruckner08:_real_analyis,
  language =	 {english},
  author =	 {Bruckner, Andrew M. and
		  Bruckner, Judith B. and
		  Thomson, Brian S.},
  title =	 {Real Analysis},
  publisher =	 {ClassicalRealAnalysis.com},
  year =	 2008,
  edition =	 {Second},
  ISBN10 =	 {1434844129},
  ISBN13 =	 {978-978-1434844125},
  where =	 {http://classicalrealanalysis.info/com/Real-Analysis.php}
}

@Book{bruckner11:_mathem_discovery,
  language =	 {english},
  author =	 {Bruckner, Andrew M. and
		  Thomson, Brian S. and
		  Bruckner, Judith B.},
  title =	 {Mathematical Discovery},
  publisher =	 {ClassicalRealAnalysis.com},
  year =	 2011,
  ISBN10 =	 1463730578,
  ISBN13 =	 {978-1463730574},
  where =	 {http://classicalrealanalysis.info/com/Mathematical-Discovery.php}
}

@Book{bryant08:_how_round_your_circle,
  language =	 {english},
  author =	 {Bryant, John and
		  Sangwin, Chris},
  title =	 {How Round is Your Circle?},
  publisher =	 {Princeton University Press},
  year =	 2008,
  isbn13 =	 {978-0-691-13118-4}
}

@Book{bryant11:_how_round_your_circle,
  language =	 {english},
  author =	 {Bryant, John and
		  Sangwin, Chris},
  title =	 {How Round is Your Circle?
		  Where Engineering and Mathematics Meet},
  publisher =	 {Princeton University Press},
  year =	 2011,
  isbn13 =	 {9780691149929}
}

@Article{bucchianico00:_survey_umbral_calculus,
  language =	 {english},
  author =	 {Bucchianico, A. di and
		  Loeb, D.},
  title =	 {A Selected Survey of Umbral Calculus},
  journal =	 {The Electronic Journal of Combinatorics},
  year =	 2000,
  volume =	 {DS3},
  where =	 {http://www.combinatorics.org/ojs/index.php/eljc/article/download/ds3/pdf}
}

@InProceedings{buchheim02:_improv_algor_run_linear_time,
  language =	 {english},
  author =	 {Buchheim, Christoph and
		  J{\"u}nger, Michael and
		  Leipert, Sebastian},
  title =	 {Improving {W}alker's Algorithm to Run in Linear Time},
  booktitle =	 {10th International Symposium on Graph Drawing,
		  GD'2002},
  pages =	 {347-364},
  year =	 2002,
  volume =	 2528,
  series =	 {Lecture Notes in Computer Science},
  publisher =	 {Springer},
  where =	 {http://e-archive.informatik.uni-koeln.de/431/}
}

@Book{burnside97:_theor_group_finit_order,
  language =	 {english},
  author =	 {Burnside, William},
  title =	 {Theory of Groups of Finite Order},
  publisher =	 {Cambridge University Press},
  year =	 1897
}

@InProceedings{cadar08:_klee,
  language =	 {english},
  author =	 {Cadar, Cristian and
		  Dunbar, Daniel and
		  Engler, Dawson},
  title =	 {{KLEE}: Unassisted and Automatic Generation of
		  High-Coverage Tests for Complex Systems Programs},
  booktitle =	 {Proceedings of the 8th USENIX Symposium on
		  Operating Systems Design and Implementation},
  pages =	 {209-224},
  year =	 2008,
  month =	 dec,
  organization = {USENIX},
  where =	 {http://static.usenix.org/events/osdi08/tech/full_papers/cadar/cadar.pdf}
}

@TechReport{calude07:_provin_progr,
  language =	 {english},
  author =	 {Calude, Cristian S. and
		  Calude, Elena and
		  Marcus, Solomon},
  title =	 {Proving and Programming},
  institution =	 {CDMTCS, University of Auckland, NZ},
  year =	 2007,
  number =	 309,
  month =	 jun,
  doi =		 {10.1.1.75.3568},
  where =	 {http://www.cs.auckland.ac.nz/CDMTCS//researchreports/309cris.pdf}
}

@Book{cameron08:_intro_algebra,
  language =	 {english},
  author =	 {Cameron, Peter J.},
  title = 	 {Introduction to Algebra},
  publisher = 	 {Oxford University Press},
  year = 	 2008,
  edition =	 {Second},
  isbn10 =	 0198527934, 
  isbn13 =	 {978-0198527930}
}

@Book{cameron94:_combinatorics,
  language =	 {english},
  author =	 {Cameron, Peter J.},
  title = 	 {Combinatorics:
		  Topics, Techniques, Algorithms},
  publisher = 	 {Cambridge University Press},
  year = 	 1995,
  edition =	 {Second},
  isbn10 =	 0521457610, 
  isbn13 =	 {978-0521457613}
}

@Book{camina11:_introd_enumer,
  language =	 {english},
  author =	 {Camina, Alan and
		  Lewis, Barry},
  title =	 {An Introduction to Enumeration},
  publisher =	 {Springer},
  year =	 2011,
  series =	 {Springer Undergraduate Mathematics Series},
  doi =		 {10.1007/978-0-85729-600-9.7},
  where =	 {bok%3A978-0-85729-600-9.pdf}
}

@Article{carmichael10:_note_new_number_theor_funct,
  language =	 {english},
  author =	 {Carmichael, Robert Daniel},
  title =	 {Note on a New Number Theory Function},
  journal =	 {Bulletin of the American Mathematical Society},
  year =	 1910,
  volume =	 16,
  number =	 5,
  pages =	 {232-238},
  month =	 feb
}

@Book{cauchy21:_cours_analyse-1,
  language =	 {french},
  author =	 {Cauchy, Augustin-Louis},
  title =	 {Cours d'Analyse de l'{E}cole {R}oyale {P}olytechnique,
		  prim{\`e}re partie,
		  {A}nalyse Alg{\'e}brique},
  publisher =	 {Impr. Royale Debure fr{\`e}res},
  year =	 1821
}

@Article{cayley89:_theo_trees,
  language =	 {english},
  author =	 {Cayley, Arthur},
  title =	 {A Theorem on Trees},
  journal =	 {Quarterly Journal of Mathematics},
  year =	 1889,
  volume =	 23,
  pages =	 {376-378}
}

@Article{chaitin82:_regis_alloc_spill_via_graph_color,
  language =	 {english},
  author =	 {Chaitin, Gregory J.},
  title =	 {Register Allocation \& Spilling Via Graph Coloring},
  journal =	 {SIGPLAN Notices},
  volume =	 17,
  issue =	 6,
  month =	 jun,
  year =	 1982,
  issn8 =	 {0362-1340},
  pages =	 {98-101},
  numpages =	 4,
  doi =		 {10.1145/872726.806984},
  publisher =	 {ACM},
  address =	 {New York, NY, USA}
}

@Article{chang01:_recur_relat_bernoulli_euler_number,
  language =	 {english},
  author =	 {Chang, Ching-Hua and
		  Ha, Chung-Wei},
  title =	 {On Recurrence Relations for {B}ernoulli and {E}uler Numbers},
  journal =	 {Bulletin of the Australian Mathematical Society},
  year =	 2001,
  volume =	 64,
  number =	 3,
  pages =	 {469-474},
  doi =		 {10.1017/S0004972700019924}
}

@Book{chartrand08:_math_proof,
  language =	 {english},
  author =	 {Chartrand, Gary and
		  Polimeni, Albert D. and
		  Zhang, Ping},
  title =	 {Mathematical Proofs:
		  A Transition to Advanced Mathematics},
  publisher =	 {Addison-Wesley},
  year =	 2008,
  edition =	 {Second}
}

@Article{chebyshev54:_Bertrand,
  language =	 {french},
  author =	 {Chebyshev, Pafnuty L.},
  title =	 {M{\'e}moire sur les nombres premiers},
  journal =	 {M{\'e}mories de la Academie Scientifique
		  de St. P{\'e}tersbourg},
  year =	 1954,
  volume =	 7,
  pages =	 {17-33}
}

@Book{childs09:_concr_intro_higher_algebra,
  language =	 {english},
  author =	 {Childs, Lindsay N.},
  title =	 {A Concrete Introduction to Higher Algebra},
  publisher =	 {Springer},
  year =	 2009,
  series =	 {Undergraduate Texts in Mathematics},
  edition =	 {Third}
}

@Book{chu-carroll13:_good_math,
  language =	 {english},
  author =	 {Chu-Carroll, Mark C.},
  title =	 {Good Math: A Geek's Guide to the Beauty of Numbers,
		  Logic, and Computation},
  publisher =	 {The Pragmatic Bookshelf},
  year =	 2013,
  isbn13 =	 {978-1-93778-533-8}
}

@Article{chvatal70:_small_trian_free_chrom_regul_graph,
  language =	 {english},
  author =	 {Chv{\'a}tal, V{\'a}clav},
  title =	 {The Smallest Triangle-Free 4-Chromatic 4-Regular Graph},
  journal =	 {Journal of Combinatorial Theory},
  year =	 1970,
  volume =	 9,
  number =	 1,
  pages =	 {93-94},
  month =	 jul,
  doi =		 {10.1016/S0021-9800(70)80057-6}
}

@Article{cipra89:_grinch_stole_math,
  language =	 {english},
  author =	 {Cipra, Barry A.},
  title =	 {How the {G}rinch Stole Mathematics},
  journal =	 {Science},
  year =	 1989,
  volume =	 245,
  pages =	 595,
  month =	 aug
}

@Book{clark07:_theory_groups,
  language =	 {english},
  author =	 {Clark, David M.},
  title = 	 {Theory of Groups},
  publisher = 	 {Journal of Inquiry-Based Learning in Mathematics},
  year = 	 2007,
  volume =	 3,
  month =	 apr,
  where =	 {http://www.jiblm.org/downloads/jiblmjournal/V070303I/V070303I.pdf}
}

@Article{collins99:_contin_fract,
  language =	 {english},
  author =	 {Collins, Darren C.},
  title =	 {Continued Fractions},
  journal =	 {MIT Undergraduate Journal of Mathematics},
  year =	 1999,
  number =	 1,
  pages =	 {11-18},
  month =	 jun,
  where =	 {http://www-math.mit.edu/phase2/UJM/vol1/COLLIN~1.PDF}
}

@Book{comtet74:_advan_combin,
  language =	 {english},
  author =	 {Comtet, Louis},
  title =	 {Advanced Combinatorics:
		  The Art of Finite and Infinite Expansion},
  publisher =	 {D. Reidel Publishing Company},
  year =	 1974,
  where =	 {http://www.plouffe.fr/simon/math/AdvancedComb.pdf}
}

@Book{conan90:_sign_four,
  language =	 {english},
  author =	 {Conan Doyle, Sir Arthur Ignatius},
  title =	 {The Sign of the Four},
  publisher =	 {Spencer Blackett},
  year =	 1890,
  month =	 feb
}

@Book{conway78:_funct_one_compl_variab_i,
  language =	 {english},
  author =	 {Conway, John B.},
  title =	 {Functions of One Complex Variable {I}},
  publisher =	 {Springer},
  year =	 1978,
  volume =	 11,
  series =	 {Graduate Texts in Mathematics},
  edition =	 {Second}
}

@PhdThesis{cook66:_minim_comput_time_funct,
  language =	 {english},
  author =	 {Cook, Stephen	 A.},
  title =	 {On the Minimum Computation Time of Functions},
  school =	 {Department of Mathematics, Harvard University},
  year =	 1966
}

@InProceedings{cook71:_compl_theor_provin_proced,
  language =	 {english},
  author =	 {Cook, Stephen A.},
  title =	 {The Complexity of Theorem Proving Procedures},
  booktitle =	 {Proceedings of the Third Annual ACM Symposium
		  on Theory of Computing},
  pages =	 {151-158},
  year =	 1971,
  doi =		 {10.1145/800157.805047}
}

@Article{cooley65:_FFT,
  language =	 {english},
  author =	 {Cooley, James W. and
		  Tukey, John W.},
  title =	 {An Algorithm for the Machine Calculation
		  of Complex {F}ourier Series},
  journal =	 {Mathematics of Computation},
  year =	 1965,
  volume =	 19,
  number =	 90,
  pages =	 {297-301},
  month =	 apr,
  doi =		 {10.2307/2003354},
  where =	 {http://www.ams.org/journals/mcom/1965-19-090/S0025-5718-1965-0178586-1/S0025-5718-1965-0178586-1.pdf}
}

@InProceedings{coppersmith96:_low_exp_rsa_relat_mesgs,
  language =	 {english},
  author =	 {Coppersmith, Don and
		  Franklin, Matthew and
		  Patarin, Jacques and
		  Reiter, Michael},
  title =	 {Low-Exponent {RSA} with Related Messages},
  booktitle =	 {Advances in Cryptology -- {EUROCRYPT}'96},
  pages =	 {1-7},
  year =	 1996
}

@Book{cormen01:_introd_algor,
  language =	 {english},
  author =	 {Cormen, Thomas H. and
		  Leiserson, Charles E. and
		  Rivest, Ronald L. and
		  Stein, Clifford},
  title =	 {Introduction to Algorithms},
  publisher =	 {MIT Press},
  year =	 2001,
  edition =	 {Second}
}

@Book{cormen09:_introd_algor,
  language =	 {english},
  author =	 {Cormen, Thomas H. and
		  Leiserson, Charles E. and
		  Rivest, Ronald L. and
		  Stein, Clifford},
  title =	 {Introduction to Algorithms},
  publisher =	 {MIT Press},
  year =	 2009,
  edition =	 {Third}
}

@Book{cormen90:_introd_algor,
  language =	 {english},
  author =	 {Cormen, Thomas H. and
		  Leiserson,  Charles E. and
		  Rivest, Ronald L.},
  title =	 {Introduction to Algorithms},
  publisher =	 {MIT Press},
  year =	 1990
}

@Article{cosset10:_factor_genus_2_curves,
  language =	 {english},
  author =	 {Cosset, Romain},
  title =	 {Factorization with Genus 2 Curves},
  journal =	 {Mathematics of Computation},
  year =	 2010,
  volume =	 79,
  number =	 270,
  pages =	 {1191-1208},
  month =	 aug,
  doi =		 {10.1090/S0025-5718-09-02295-9}
}

@Misc{cryptoeprint:2008:016,
  language =	 {english},
  author =	 {Bernstein, Daniel J. and
		  Birkner, Peter and
		  Lange, Tanja and
		  Peters, Christiane},
  title =	 {{ECM} Using {E}dwards Curves},
  howpublished = {Cryptology ePrint Archive, Report 2008/016},
  year =	 2008,
  where =	 {http://eprint.iacr.org}
}

@Misc{cryptoeprint:2009:408,
  language =	 {english},
  author =	 {Sarr, Augustin P. and
		  Elbaz–Vincent, Philippe and
		  Bajard, Jean–Claude},
  title =	 {A Secure and Efficient Authenticated
		  {D}iffie–{H}ellman Protocol},
  howpublished = {Cryptology ePrint Archive, Report 2009/408},
  year =	 2009,
  where =	 {http://eprint.iacr.org},
}

@Misc{cryptoeprint:2010:006,
  language =	 {english},
  author =	 {Kleinjung, Thorsten and
		  Aoki, Kazumaro and
		  Franke, Jens and
		  Lenstra, Arjen and
		  Thom{\'e}, Emmanuel and
		  Bos, Joppe and
		  Gaudry, Pierrick and
		  Kruppa, Alexander and
		  Montgomery, Peter and
		  Osvik, Dag Arne and
		  te Riele, Herman and
		  Timofeev, Andrey and
		  Zimmermann, Paul},
  title =	 {Factorization of a 768-bit {RSA} Modulus},
  howpublished = {Cryptology ePrint Archive, Report 2010/006},
  year =	 2010,
  where =	 {http://eprint.iacr.org},
}

@misc{cryptoeprint:2012:064,
  language =	 {english},
  author =	 {Lenstra, Arjen K. and
		  Hughes, James P. and
		  Augier, Maxime and
		  Bos, Joppe W. and
		  Kleinjung, Thorsten and
		  Wachter, Christophe},
  title =	 {Ron was wrong, {W}hit is right},
  howpublished = {Cryptology ePrint Archive, Report 2012/064},
  year =	 2012,
  where =	 {http://eprint.iacr.org},
}

@InProceedings{cuoq12:_frama_c_softw_analy_persp,
  language =	 {english},
  author =	 {Cuoq, Pascal and
		  Kirchner, Florent and
		  Kosmatov, Nikolai and
		  Prevosto, Virgile and
		  Signoles, Julien and
		  Yakobowski, Boris},
  title =	 {Frama-{C},
		  {A} Software Analysis Perspective},
  booktitle =	 {International Conference on
		  Software Engineering and Formal Methods},
  editor =	 {Eleftherakis, G. and
		  Hinchey, M. and
		  Holcombe, M.},
  series =	 {LNCS},
  volume =	 7504,
  pages =	 {233-247},
  year =	 2012,
  month =	 oct,
  publisher =	 {Springer}
}

@Article{darboux78:_memor_fonct_tres_grand_nombr,
  language =	 {french},
  author =	 {Darboux, Jean-Gaston},
  title =	 {M{\'e}morie sur l'Approximation des Fonctions
		  de Tr{\'e}s Grandes Nombres,
		  et sur une Classe {\'E}tendue
		  des D{\'e}veloppments en S{\'e}rie},
  journal =	 {Journal de Math{\'e}matiques Pures et Apliqu{\'e}es},
  year =	 1878,
  volume =	 4,
  pages =	 {5-56, 377-416}
}

@Book{dasgupta06:_algorithms,
  language =	 {english},
  author =	 {Dasgupta, Sanjoy and
		  Papadimitrou, Christos H. and
		  Vazirani, Umesh V.},
  title =	 {Algorithms},
  publisher =	 {McGraw Hill Higher Education},
  year =	 2006,
  where =	 {http://www.cs.berkeley.edu/~vazirani/algorithms.html}
}

@Article{delahaye06:_sci_behind_sudoku,
  language =	 {english},
  author =	 {Delahaye, Jean-Paul},
  title =	 {The Science Behind {S}udoku},
  journal =	 {Scientific American},
  year =	 2006,
  volume =	 294,
  pages =	 {80-87},
  month =	 jun,
  where =	 {http://www.scientificamerican.com/sciammag/?contents=2006-06}
}

@Article{delannoy95:_quest_probab,
  language =	 {french},
  author =	 {Delannoy, Henri},
  title =	 {Sur une Question de Probabilit{\'e}s
		  trait{\'e}e par d'{A}lembert},
  journal =	 {Bulletin de la Soci{\'e}t{\'e} Math{\'e}matique de France},
  year =	 1895,
  volume =	 23,
  pages =	 {262-265},
  where =	 {http://archive.numdam.org/article/BSMF_1895__23__262_0.pdf}
}

@article{demillo79:_social_proces_proof_theor_progr,
  language =	 {english},
  author =	 {De Millo, Richard A. and
		  Lipton, Richard J. and
		  Perlis, Alan J.},
  title =	 {Social Processes and Proofs of Theorems and Programs},
  journal =	 {Communications of the ACM},
  volume =	 22,
  number =	 5,
  month =	 may,
  year =	 1979,
  issn8 =	 {0001-0782},
  pages =	 {271--280},
  numpages =	 10,
  where =	 {http://doi.acm.org/10.1145/359104.359106},
  doi =		 {10.1145/359104.359106},
  acmid =	 359106,
  publisher =	 {ACM},
  address =	 {New York, NY, USA},
  keywords =	 {formal mathematics, mathematical proofs, program
		  specification, program verification},
}

@Article{deutsch99:_dyck_path_enumer,
  language =	 {english},
  author =	 {Deutsch, Emeric},
  title =	 {Dyck Path Enumeration},
  journal =	 {Discrete Mathematics},
  year =	 1999,
  volume =	 204,
  number =	 {1-3},
  pages =	 {167-202},
  month =	 jun,
  where =	 {http://www.sciencedirect.com/science/article/pii/S0012365X98003719}
}

@Book{devlin00:_math_gene,
  language =	 {english},
  author =	 {Devlin, Keith},
  title =	 {The Math Gene:
		  How Mathematical Thinking Evolved
		  and Why Numbers Are Like Gossip},
  publisher =	 {Basic Books},
  year =	 2000
}

@Article{dewaghe98:_remar_schoof_elkies_atkin_algor,
  language =	 {english},
  author =	 {Dewaghe, L.},
  title =	 {Remarks on the {S}choof-{E}lkies-{A}tkin Algorithm},
  journal =	 {Mathematics of Computation},
  year =	 1998,
  volume =	 67,
  number =	 223,
  pages =	 {1247-1252},
  month =	 jul,
  where =	 {http://www.ams.org/journals/mcom/1998-67-223/S0025-5718-98-00962-4/S0025-5718-98-00962-4.pdf}
}

@Book{diestel10:_graph_theor,
  language =	 {english},
  author =	 {Diestel, Reinhard},
  title =	 {Graph Theory},
  publisher =	 {Springer},
  year =	 2010,
  series =	 {Graduate Texts in Mathematics},
  edition =	 {Fourth},
  isbn10 =	 {3642142788},
  where =	 {http://diestel-graph-theory.com}
}

@Article{dijkstra59:_note_two_probl_connex_graph,
  language =	 {english},
  author =	 {Dijkstra, Edsger W.},
  title =	 {A Note on Two Problems in Connexion with Graphs},
  journal =	 {Numerische Mathematik},
  year =	 1959,
  volume =	 1,
  number =	 1,
  pages =	 {269-271},
  where =	 {http://www-m3.ma.tum.de/twiki/pub/MN0506/WebHome/dijkstra.pdf},
  doi =		 {10.1007/BF01386390}
}

@Book{dijkstra76:_discip_progr,
  language =	 {english},
  author =	 {Dijkstra, Edsger W.},
  title =	 {A Discipline of Programming},
  publisher =	 {Prentice Hall},
  year =	 1976,
  isbn10 =	 {013215871X}
}

@Article{dijkstra89:_cruelty_teach_comput_scien,
  language =	 {english},
  author =	 {Dijkstra, Edgser W.},
  title =	 {The Cruelty of Teaching Computer Science},
  journal =	 {Communications of the ACM},
  year =	 1989,
  volume =	 32,
  number =	 12,
  pages =	 {1397-1404},
  month =	 dec,
  where =	 {http://www.cs.utexas.edu/~EWD/transcriptions/EWD10xx/EWD1036.html}
}

@Article{dobinski77:_summir_reihe,
  language =	 {german},
  author =	 {Dobi{\'n}ski, G.},
  title =	 {Summirung der {R}eihe \(\sum \frac{n^m}{n!}\)
		  f{\"u}r  \(m = 1, 2, 3, 4, 5, \dotsc\)},
  journal =	 {Grunert's Archiv},
  year =	 1877,
  volume =	 61,
  pages =	 {333-336},
  where =	 {http://www.archive.org/stream/archivdermathem88unkngoog#page/n346}
}

@Book{dobrushkin10:_method_algor_analysis,
  language =	 {english},
  author =	 {Dobrushkin, Vladimir A.},
  title =	 {Methods in Algorithmic Analysis},
  publisher =	 {Chapman \& Hall/CRC},
  year =	 2010,
  isbn13 =	 {978-1-4200-6829-0}
}

@Book{doerr13:_applied_discr_struct,
  language =	 {english},
  author =	 {Doerr, Alan and
		  Levasseur, Kenneth},
  title =	 {Applied Discrete Structures},
  publisher = 	 {lulu.com},
  year = 	 2013,
  where =	 {\url{http://faculty.uml.edu/klevasseur/ads2}}
}

@Article{donaghey77:_motzkin_numbers,
  language =	 {english},
  author =	 {Donaghey, Robert and
		  Shapiro, Louis W.},
  title =	 {Motzkin Numbers},
  journal =	 {Journal of Combinatorial Theory, Series A},
  year =	 1977,
  volume =	 23,
  number =	 3,
  pages =	 {291-301},
  month =	 nov,
  doi =		 {10.1016/0097-3165(77)90020-6},
  where =	 {http://www.sciencedirect.com/science?_ob=MiamiImageURL&_cid=272565&_user=713869&_pii=0097316577900206&_check=y&_origin=article&_zone=toolbar&_coverDate=30-Nov-1977&view=c&originContentFamily=serial&wchp=dGLbVlS-zSkWA&md5=45ff68fffae35aa45528d5fc139a61b4&pid=1-s2.0-0097316577900206-main.pdf}
}

@Article{dongarra00:_top10_algorithms,
  language =	 {english},
  author =	 {Dongarra, Jack and
		  Sullivan, Francis},
  title =	 {Guest Editor Introduction to the Top 10 Algorithms},
  journal =	 {Computing in Science and Engineering},
  year =	 2000,
  volume =	 2,
  number =	 1,
  month =	 {January/February},
  pages =	 {22-23},
  doi =		 {10.1109/MCISE.2000.814652}
}

@Book{dorst07:_geometric_algebra_comp_sci,
  language =	 {english},
  author =	 {Dorst, Leo and
		  Fontijne, Daniel and
		  Mann, Stephen},
  title =	 {Geometric Algebra for Computer Science},
  publisher =	 {Morgan Kaufmann},
  year =	 2007,
  isbn10 =	 {0-12-369465-5}
}

@Book{downey11:_think_stats,
  language =	 {english},
  author =	 {Downey, Allen B.},
  title =	 {Think {S}tats: Probability and Statistics for Programmers},
  publisher =	 {Green Tea Press},
  year =	 2011,
  address =	 {Needham, MA, USA},
  note =	 {Version 1.6.0},
  where =	 {http://greenteapress.com/thinkstats/thinkstats.pdf}
}

@Article{drmota95:_marking_comb_const,
  language =	 {english},
  author =	 {Drmota, Michael and
		  Soria, Mich{\`e}le},
  title =	 {Marking in Combinatorial Constructions:
		  Generating Functions and Limiting Distributions},
  journal =	 {Theoretical Computer Science},
  year =	 1995,
  volume =	 144,
  number =	 {1-2},
  pages =	 {67-99},
  month =	 jun,
  doi =		 {http://dx.doi.org/10.1016/0304-3975(94)00294-S}
}

@Book{duentsch00:_sets_relat_funct,
  language =	 {english},
  author =	 {D{\"u}ntsch, Ivo and
		  Gediga, G{\"u}nther},
  title =	 {Sets, Relations, Functions},
  publisher =	 {Methodos},
  year =	 2000,
  volume =	 1,
  series =	 {Primers}
}

@Article{dunham09:_when_euler_met_lhopital,
  language =	 {english},
  author =	 {Dunham, William},
  title =	 {When {E}uler Met l'{H}{\^o}pital},
  journal =	 {Mathematics Magazine},
  year =	 2009,
  volume =	 82,
  number =	 1,
  pages =	 {16-25},
  month =	 feb
}

@Book{dunham90:_journey_genius,
  language =	 {english},
  author =	 {Dunham, William},
  title =	 {Journey through Genius:
		  The Great Theorems of Mathematics},
  publisher =	 {Penguin Books},
  year =	 1990,
  isbn10 =	 {014014739X}
}

@Book{dunham97:_mathem_univer,
  language =	 {english},
  author =	 {Dunham, William},
  title =	 {The Mathematical Universe:
		  An Alphabetical Journey Through the Great Proofs,
		  Problems, and Personalities},
  publisher =	 {John Wiley \& Sons, Inc.},
  year =	 1997,
  isbn10 =	 {0471176613}
}

@Book{dunlap98:_golden_ratio_fibonacci,
  language =	 {english},
  author =	 {Dunlap, Richard A.},
  title =	 {The Golden Ratio and {F}ibonacci Numbers},
  publisher =	 {World Scientific Publishing Co.},
  year =	 1998,
  month =	 mar,
  isbn10 =	 9810232640,
  isbn13 =	 {978-9810232641}
}

@PhdThesis{durfee02:_crypt_rsa_using_algeb_lattice_method,
  language =	 {english},
  author =	 {Durfee, Glenn},
  title =	 {Cryptanalysis of {RSA}
		  Using Algebraic and Lattice Methods},
  school =	 {Department of Computer Science, Stanford University},
  year =	 2002,
  month =	 jun,
  where =	 {http://theory.stanford.edu/~gdurf/durfee-thesis-phd.pdf}
}

@Book{edelsbrunner04:_algor_combin_geom,
  language =	 {english},
  author =	 {Edelsbrunner, Herbert},
  title =	 {Algorithms in Combinatorial Geometry},
  publisher =	 {Springer},
  year =	 2004,
  note =	 {EACTS Monographs on Theoretical Computer Science}
}

@Book{edelsbrunner10:_comput_topol,
  language =	 {english},
  author =	 {Edelsbrunner, Herbert and
		  Harer, John L.},
  title =	 {Computational Topology: An Introduction},
  publisher =	 {American Mathematical Society},
  year =	 2010,
  where =	 {http://www.ee.oulu.fi/research/imag/courses/Vaccarino/Edels_Book.pdf}
}

@Article{edmonds72:_theor_improv_algor_effic_networ_flow_probl,
  language =	 {english},
  author =	 {Edmonds, Jack and
		  Karp, Richard M.},
  title =	 {Theoretical Improvements in Algorithmic Efficiency
		  for Network Flow Problems},
  journal =	 {Journal of the ACM},
  year =	 1972,
  volume =	 19,
  number =	 2,
  pages =	 {248-264},
  where =	 {http://www.akira.ruc.dk/~keld/teaching/algoritmedesign_f03/Artikler/08/Edmonds72.pdf},
  doi =		 {10.1145/321694.321699}
}

@Book{egorychev84:_integ_repres_comput_combin_sums,
  language =	 {english},
  author =	 {Egorychev, Georgy P.},
  title =	 {Integral Representation
		  and the Computation of Combinatorial Sums},
  publisher =	 {American Mathematical Society},
  year =	 1984,
  volume =	 59,
  series =	 {Translations of Mathematical Monographs}
}

@Article{elgamal85:_public_key_crypt_signat_schem,
  language =	 {english},
  author =	 {ElGamal, Taher},
  title =	 {A Public Key Cryptosystem and a Signature Scheme
		  Based on Discrete Logarithms},
  journal =	 {IEEE Transactions on Information Theory},
  year =	 1985,
  volume =	 {IT-31},
  number =	 4,
  pages =	 {469-472},
  month =	 jul,
  where =	 {http://hereford.homeip.net/ElGamal/ElGamal%20-%20A%20Public%20Key%20Cryptosystem%20and%20a%20Signature%20Scheme%20Based%20on%20Discrete%20Logarithms%20ElGamal.pdf}
}

@Article{elkies88:_euler_conjecture,
  language =	 {english},
  author =	 {Elkies, Noam D.},
  title =	 {On \(A^4 + B^4 + C^4 = D^4\)},
  journal =	 {Mathematics of Computation},
  year =	 1988,
  volume =	 51,
  number =	 184,
  pages =	 {825-835},
  month =	 oct,
  doi =		 {10.2307/2008781}
}

@Book{enderton01:_mathe_introd_logic,
  language =	 {english},
  author =	 {Enderton, Herbert B.},
  title =	 {A Mathematical Introduction to Logic},
  publisher =	 {Harcourt/Academic Press},
  year =	 2001,
  edition =	 {Second},
  isbn10 =	 {0122384520}
}

@Book{enderton13:_mathe_introd_logic,
  language =	 {english},
  author =	 {Enderton, Herbert B.},
  title =	 {A Mathematical Introduction to Logic},
  publisher =	 {Harcourt/Academic Press},
  year =	 2013,
  edition =	 {Third}
}

@Book{engel97:_probl_solv_strat,
  language =	 {english},
  author =	 {Engel, Arthur},
  title =	 {Problem-Solving Strategies},
  publisher =	 {Springer},
  year =	 1997,
  series =	 {Problem Books in Mathematics},
  where =	 {http://www.cse.iitb.ac.in/~vsevani/phd/ebooksclub.org__Problem_Solving_Strategies__Problem_Books_in_Mathematics_.pdf}
}

@Book{engel99:_probl_solvin_strat,
  language =	 {english},
  author =	 {Engel, Arthur},
  title =	 {Problem-Solving Strategies},
  publisher =	 {Springer},
  edition =	 {Corrected},
  year =	 1999,
  series =	 {Problem Books in Mathematics}
}

@Article{erdos30:_beweis_satz_tschebyschef,
  language =	 {german},
  author =	 {Erd{\H o}s, Paul},
  title =	 {Beweis eines {S}atzes von {T}schebyschef},
  journal =	 {Acta Scientiarum Mathematicarum Szegedensis},
  year =	 {1930-1932},
  volume =	 5,
  number =	 {3-4},
  pages =	 {194-198},
  where =	 {http://acta.fyx.hu/acta/showCustomerArticle.action?id=5326&dataObjectType=article&returnAction=showCustomerVolume&sessionDataSetId=152bf50972d624f2&style=}
}

@Article{erdos38:_ueber_reihe_1/p,
  language =	 {german},
  author =	 {Erd{\H o}s, Paul},
  title =	 {{\"U}ber die {R}eihe \(\sum \frac{1}{p}\)},
  journal =	 {Mathematica},
  year =	 1938,
  volume =	 {Zutphen B 7},
  pages =	 {1-2},
  where =	 {http://www.renyi.hu/~p_erdos/1938-13.pdf}
}

@Article{erdos86:_number_false_witnes_compos_number,
  language =	 {english},
  author =	 {Erd{\H o}s, Paul and
		  Pommerance, Carl},
  title =	 {On the Number of False Witnesses for a Composite Number},
  journal =	 {Mathematics of Computation},
  year =	 1986,
  volume =	 46,
  number =	 173,
  pages =	 {259-279},
  month =	 jan,
  doi =		 {10.2307/2008231}
}

@MastersThesis{farrugia99:_self_complementary_graphs,
  language =	 {english},
  author =	 {Farrugia, Alastair},
  title =	 {Self-complementary Graphs and Generalizations:
		  A Comprehensive Reference Manual},
  school =	 {University of Malta},
  year =	 1999,
  where =	 {http://www.alastairfarrugia.net/sc-graph/sc-graph-survey.pdf}
}

@Book{feil03:_essential_discr_math_comp_sci,
  language =	 {english},
  author =	 {Feil, Todd and
		  Krone, Joan},
  title =	 {Essential Discrete Mathematics for Computer Science},
  publisher =	 {Prentice Hall},
  year =	 2003
}

@Book{feller68:_intro_probab_theo_applic_1,
  language =	 {english},
  author =	 {Feller, William},
  title =	 {An Introduction to Probability Theory
		  and its Applications},
  publisher =	 {John Wiley \& Sons},
  year =	 1968,
  volume =	 1,
  edition =	 {Third}
}

@Book{feller71:_intro_probab_theo_applic_2,
  language =	 {english},
  author =	 {Feller, William},
  title =	 {An Introduction to Probability Theory
		  and its Applications},
  publisher =	 {John Wiley \& Sons},
  year =	 1971,
  volume =	 2,
  edition =	 {Second}
}

@Book{ferguson10:_crypt_engin,
  language =	 {english},
  author =	 {Ferguson, Niels and
		  Schneier, Bruce and
		  Kohno, Tadayoshi},
  title =	 {Cryptography Engineering},
  publisher =	 {John Wiley \& Sons},
  year =	 2010,
  isbn10 =	 {0470474246}
}

@Book{ferland09:_discr_math,
  language =	 {english},
  author =	 {Ferland, Kevin},
  title =	 {Discrete Mathematics:
		  An Introduction to Proofs and Combinatorics},
  publisher =	 {Houghton Mifflin Company},
  year =	 2009
}

@Book{ferland09:_discr_mathem,
  language =	 {english},
  author =	 {Ferland, Kevin},
  title = 	 {Discrete Mathematics:
		  An Introduction to Proofs and Combinatorics},
  publisher = 	 {Houghton Mifflin Company},
  year = 	 2009
}

@Article{fetzer88:_progr_verif,
  language =	 {english},
  author =	 {Fetzer, James H.},
  title =	 {Program Verification: The Very Idea},
  journal =	 {Communications of the ACM},
  year =	 1988,
  volume =	 31,
  number =	 9,
  pages =	 {1048 - 1063},
  month =	 sep,
  doi =		 {10.1145/48529.48530}
}

@Book{flajolet09:_analy_combin,
  language =	 {english},
  author =	 {Flajolet, Philipe and
		  Sedgewick, Robert},
  title =	 {Analytic Combinatorics},
  publisher =	 {Cambridge University Press},
  year =	 2009,
  isbn13 =	 {978-0-521-89806-5},
  where =	 {http://algo.inria.fr/flajolet/Publications/AnaCombi/anacombi.html}
}

@Article{flajolet86:_partial_match_retriev_multid_data,
  language =	 {english},
  author =	 {Flajolet, Phillipe and
		  Puech, Claude},
  title =	 {Partial Match Retrieval of Multidimensional Data},
  journal =	 {Journal of the ACM},
  year =	 1986,
  volume =	 33,
  number =	 2,
  pages =	 {371-407},
  month =	 apr,
  doi =		 {10.1145/5383.5453}
}

@Article{flajolet90:_singular_anal,
  language =	 {english},
  author =	 {Flajolet, Phillipe and
		  Odlyzko, Andrew M.},
  title =	 {Singularity Analysis of Generating Functions},
  journal =	 {SIAM Journal of Discrete Mathematics},
  year =	 1990,
  volume =	 3,
  number =	 2,
  pages =	 {216-240},
  month =	 may,
  where =	 {http://epubs.siam.org/doi/pdf/10.1137/0403019}
}

@Article{flajolet91:_cycle_constr,
  language =	 {english},
  author =	 {Flajolet, Philipe and
		  Soria, Mich{\`e}le},
  title =	 {The Cycle Construction},
  journal =	 {SIAM Journal of Discrete Mathematics},
  year =	 1991,
  volume =	 4,
  number =	 1,
  pages =	 {58-60},
  month =	 feb,
  where =	 {http://algo.inria.fr/flajolet/Publications/cycle2.ps.gz}
}

@Article{fleury83:_deux_probl_geomet_situac,
  language =	 {french},
  author =	 {Fleury, M.},
  title =	 {Deux Probl{\`e}mes de G{\'e}om{\'e}trie de Situation},
  journal =	 {Journal de Mathematiques {\'E}l{\'e}mentaires},
  year =	 1883,
  volume =	 2,
  pages =	 {257-261}
}

@Article{floyd62:_algorithm97,
  language =	 {english},
  author =	 {Floyd, Robert W.},
  title =	 {Algorithm 97: Shortest Path},
  journal =	 {Communications of the ACM},
  year =	 1962,
  volume =	 5,
  number =	 6,
  pages =	 345,
  month =	 jun,
  doi =		 {10.1145/367766.368168}
}

@Article{floyd67:_assig_meanin_progr,
  language =	 {english},
  author =	 {Floyd, Robert W.},
  title =	 {Assigning Meaning to Programs},
  journal =	 {Proceedings of the American Mathematical Society
		  Symposia on Applied Mathematics},
  year =	 1967,
  volume =	 19,
  pages =	 {19-31}
}

@Article{floyd67:_non_deter_algor,
  language =	 {english},
  author =	 {Floyd, Robert W.},
  title =	 {Non-Deterministic Algorithms},
  journal =	 {Journal of the ACM},
  year =	 1967,
  volume =	 14,
  number =	 4,
  pages =	 {636-644},
  month =	 oct
}

@Article{ford56:_max_flow_networks,
  language =	 {english},
  author =	 {Ford Jr, Lester R. and
		  Fulkerson, Delbert R.},
  title =	 {Maximal Flow through a Network},
  journal =	 {Canadian Journal of Mathematics},
  year =	 1956,
  volume =	 8,
  pages =	 {399-404},
  where =	 {http://www.cs.yale.edu/homes/lans/readings/routing/ford-max_flow-1956.pdf}
}

@InProceedings{franklin95:_linear_protoc_failure_rsa_exp_three,
  language =	 {english},
  author =	 {Franklin, M. K. and
		  Reiter, M. K.},
  title =	 {A Linear Protocol Failure for {RSA} with Exponent Three},
  booktitle =	 {CRYPTO'95 Rump Session},
  year =	 1995,
  month =	 aug
}

@Article{fredman87:_fibonacci_heaps,
  language =	 {english},
  author =	 {Fredman, Michael Lawrence and
		  Tarjan, Robert E.},
  title =	 {Fibonacci Heaps
		  and Their Uses in Improved Network Optimization Algorithms},
  journal =	 {Journal of the ACM},
  year =	 1987,
  volume =	 34,
  number =	 3,
  pages =	 {596-615},
  month =	 jul,
  doi =		 {10.1145/28869.28874},
  where =	 {http://www.cl.cam.ac.uk/~sos22/supervise/dsaa/fib_heaps.pdf}
}

@Article{frucht39:_herst_graph_gruppe,
  language =	 {german},
  author =	 {Frucht, Robert},
  title =	 {Herstellung von {G}raphen mit vorgegebener
		  abstrakter {G}ruppe},
  journal =	 {Compositio Mathematica},
  year =	 1939,
  volume =	 6,
  pages =	 {239-250}
}

@InProceedings{fuerer07:_faster_integ_multip,
  language =	 {english},
  author =	 {F{\"u}rer, Martin},
  title =	 {Faster Integer Multiplication},
  booktitle =	 {Proceedings of the ACM
		  Symposium on the Theory of Computing},
  pages =	 {57-66},
  year =	 2007,
  volume =	 39,
  doi =		 {10.1145/1250790.1250800},
  where =	 {http://dl.acm.org/ft_gateway.cfm?id=1250800&type=pdf&CFID=139718939&CFTOKEN=30625204}
}

@Article{gale74:_curious_nim_type_game,
  language =	 {english},
  author =	 {Gale, David},
  title =	 {A Curious {N}im Type Game},
  journal =	 {The American Mathematical Monthly},
  year =	 1974,
  volume =	 81,
  number =	 8,
  pages =	 {876-879},
  month =	 oct
}

@Article{gale82:_nim_type_games,
  language =	 {english},
  author =	 {Gale, David and
		  Neyman, A.},
  title =	 {Nim-Type Games},
  journal =	 {International Journal of Game Theory},
  year =	 1982,
  volume =	 11,
  number =	 1,
  pages =	 {17-20},
  month =	 mar,
  where =	 {http://ratio.huji.ac.il/dp/neyman/nim.pdf}
}

@Article{gallian79:_cyclot_polyn_nonst_dice,
  language =	 {english},
  author =	 {Gallian, Joseph A. and
		  Rusin, David J.},
  title =	 {Cyclotomic Polynomials and Nonstandard Dice},
  journal =	 {Discrete Mathematics},
  year =	 1979,
  volume =	 27,
  number =	 3,
  pages =	 {245-259},
  month =	 dec,
  doi =		 {10.1016/0012-365X(79)90161-4}
}

@Book{gallier11:_discr_math,
  language =	 {english},
  author =	 {Gallier, Jean},
  title =	 {Discrete Mathematics},
  publisher =	 {Springer},
  year =	 2011,
  series =	 {Universitext},
  doi =		 {10-1007/978-1-4419-8047-2_1}
}

@Article{gansner00:_open_graph_visualization_system,
  language =	 {english},
  author =	 {Gansner, Emden R. and
		  North, Stephen C.},
  title =	 {An Open Graph Visualization System and Its
		  Applications to Software Engineering},
  journal =	 {Software: Practice and Experience},
  year =	 2000,
  volume =	 30,
  number =	 11,
  pages =	 {1203-1233},
  month =	 sep,
  doi =		 {10.1.1.106.5621}
}

@Article{gansner93:_tech_drawing_dir_graph,
  language =	 {english},
  author =	 {Gansner, Emden R. and
		  Koutsofios, Eleftherios and
		  North, Stephen C. and
		  Vo, Kiem-Phong},
  title =	 {A Technique for Drawing Directed Graphs},
  journal =	 {IEEE Transactions on Software Engineering},
  year =	 1993,
  volume =	 19,
  number =	 3,
  pages =	 {214-230},
  month =	 mar,
  doi =		 {10.1109/32.221135}
}

@Article{gardner78_2:_mathem_games,
  language =	 {english},
  author =	 {Gardner, Martin},
  title =	 {Mathematical Games},
  journal =	 {Scientific American},
  year =	 1978,
  volume =	 238,
  number =	 2,
  pages =	 {19-32},
  month =	 feb
}

@Book{garey79:_comput_intrac,
  language =	 {english},
  author =	 {Garey, Michael R. and
		  Johnson, David S.},
  title =	 {Computers and Intractability:
		  A Guide to the Theory of\/ \NP-completeness},
  publisher =	 {W. H. Freeman and Co.},
  year =	 1979,
  series =	 {A Series of Books in the Mathematical Sciences},
  isbn10 =	 {0-7167-1045-5}
}

@Article{gonthier08:_formal_proof,
  language =	 {english},
  author =	 {Gonthier, Georges},
  title =	 {Formal Proof -- The Four Color Theorem},
  journal =	 {Notices of the American Mathematical Society},
  year =	 2008,
  volume =	 55,
  number =	 11,
  pages =	 {1382-1393},
  month =	 dec,
  where =	 {http://www.ams.org/notices/200811/tx081101382p.pdf}
}

@Article{good75:_number_orders_cand_ties_permit,
  language =	 {english},
  author =	 {Good, I. J.},
  title =	 {The Number of Orderings of \(n\) Candidates
		  when Ties are Permitted},
  journal =	 {The Fibonacci Quarterly},
  year =	 1975,
  volume =	 13,
  number =	 1,
  pages =	 {11-18},
  month =	 feb,
  where =	 {http://www.fq.math.ca/Scanned/13-1/good.pdf}
}

@Article{goodenough75:_towar_theor_test_data_selec,
  language =	 {english},
  author =	 {Goodenough, John and
		  Gerhart, Sue L.},
  title =	 {Toward a Theory of Test Data Selection},
  journal =	 {IEEE Transactions on Software Engineering},
  year =	 1975,
  volume =	 {SE-1},
  number =	 2,
  pages =	 {156-173},
  month =	 jun
}

@InCollection{gordon10:_forwar_hoare,
  language =	 {english},
  author =	 {Gordon, Mike and
		  Collavizza, H{\'e}l{\`e}ne},
  title =	 {Forward with {H}oare},
  booktitle =	 {Reflections on the Work of C.A.R. Hoare},
  pages =	 {101-121},
  publisher =	 {Springer London},
  year =	 2010,
  series =	 {History of Computing},
  editor =	 {Roscoe, A. W. and
		  Jones, Cliff B. and
		  Wood, Kenneth R.},
  doi =		 {10.1007/978-1-84882-912-1_5},
}

@Article{gould90:_series_trans_findin_recur_sequen,
  language =	 {english},
  author =	 {Gould, H. W.},
  title =	 {Series Transformations
		  for Finding Recurrences for Sequences},
  journal =	 {The Fibonacci Quarterly},
  year =	 1990,
  volume =	 28,
  number =	 2,
  pages =	 {166-171},
  month =	 may
}

@Book{goulden04:_combin_enumer,
  language =	 {english},
  author =	 {Goulden, Ian P. and
		  Jackson, David M.},
  title =	 {Combinatorial Enumeration},
  publisher =	 {Dover Publications, Inc.},
  year =	 2004
}

@Book{goulden83:_combin_enumer,
  language =	 {english},
  author =	 {Goulden, Ian P. and
		  Jackson, David M.},
  title =	 {Combinatorial Enumeration},
  publisher =	 {John Wiley \& Sons},
  year =	 1983
}

@InCollection{gowers00:_two_cultur_math,
  language =	 {english},
  author =	 {Gowers, William T.},
  title =	 {The Two Cultures of Mathematics},
  booktitle =	 {Mathematics: Frontiers and Perspectives},
  pages =	 {65-78},
  publisher =	 {American Mathematical Society},
  year =	 2000,
  editor =	 {Arnold, V. and
		  Atiyah, M. and
		  Lax, P. and
		  Mazur, B.},
  month =	 dec,
  where =	 {https://www.dpmms.cam.ac.uk/~wtg10/2cultures.pdf}
}

@Book{graetzer07:_more_math_latex,
  language =	 {english},
  author =	 {Gr{\"a}tzer, George},
  title =	 {More Math into \LaTeX},
  publisher =	 {Springer Science+Business Media},
  edition =	 {Fourth},
  year =	 2007,
  where =	 {http://www.math.cornell.edu/~whieldon/Math224_files/More_Math_into_LaTex.pdf}
}

@Book{graetzer96:_math_latex,
  language =	 {english},
  author =	 {Gr{\"a}tzer, George},
  title =	 {Math into \LaTeX.
		  An Introduction to \LaTeX{} and \AmS-\LaTeX},
  publisher =	 {Birkh{\"a}user},
  year =	 1996,
  where =	 {ftp://ftp.tex.ac.uk/ctan/tex-archive/info/mil/mil.pdf}
}

@Book{graham94:_concr_mathem,
  language =	 {english},
  author =	 {Graham, Ronald L. and
		  Knuth, Donald E. and
		  Patashnik, Oren},
  title =	 {Concrete Mathematics:
		  A Foundation for Computer Science},
  publisher =	 {Addison-Wesley Professional},
  year =	 1994,
  edition =	 {Second},
  isbn10 =	 {0201558025}
}

@Article{granville05:_prime_in_P,
  language =	 {english},
  author =	 {Granville, Andrew},
  title =	 {It is Easy to Determine Whether a Given Integer is Prime},
  journal =	 {Bulletin (New Series) of the American Mathematical Society},
  year =	 2005,
  volume =	 42,
  number =	 1,
  pages =	 {3-38},
  month =	 jan,
  where =	 {http://www.ams.org/journals/bull/2005-42-01/S0273-0979-04-01037-7/S0273-0979-04-01037-7.pdf}
}

@Book{grassman96:_logic_discr_mathem,
  language =	 {english},
  author =	 {Grassman, Winfried Karl and
		  Tremblay, Jean-Paul},
  title =	 {Logic and Discrete Mathematics:
		  A Computer Science Perspective},
  publisher =	 {Prentice Hall},
  year =	 1996,
  isbn10 =	 {0135012066}
}

@Book{greene10:_math_anal_algor,
  language =	 {english},
  author =	 {Greene, Daniel H. and
		  Knuth, Donald E.},
  title =	 {Mathematics for the Analysis of Algorithms},
  publisher =	 {Birkh{\"a}user},
  year =	 2010,
  series =	 {Modern Birkh{\"a}user Classics}
}

@Book{greene90:_math_anal_algor,
  language =	 {english},
  author =	 {Greene, Daniel H. and
		  Knuth, Donald E.},
  title =	 {Mathematics for the Analysis of Algorithms},
  publisher =	 {Birkh{\"a}user},
  year =	 1990,
  volume =	 1,
  series =	 {Progress in Computer Science and Applied Logic},
  edition =	 {Third}
}

@Book{gries87:_scien_progr,
  language =	 {english},
  author =	 {Gries, David},
  title =	 {The Science of Programming},
  publisher =	 {Springer},
  year =	 1987,
  isbn10 =	 {0387964800}
}

@Book{grinstead97:_introd_probab,
  language =	 {english},
  author =	 {Grinstead, Charles M. and
		  Snell, J. Laurie},
  title =	 {Introduction to Probability},
  publisher =	 {American Mathematical Society},
  year =	 1997,
  edition =	 {Second},
  where =	 {http://www.dartmouth.edu/~chance/teaching_aids/books_articles/probability_book/book.html}
}

@Article{guibas78:_maxim_prefix_synch_codes,
  language =	 {english},
  author =	 {Guibas, Leonidas J. and
		  Odlyzko, Andrew M.},
  title =	 {Maximal Prefix-Synchronized Codes},
  journal =	 {SIAM Journal on Applied Mathematics},
  year =	 1978,
  volume =	 35,
  number =	 2,
  pages =	 {401-418},
  doi =		 {10.1137/0135034},
  where =	 {http://epubs.siam.org/doi/pdf/10.1137/0135034}
}

@Article{guibas81:_strin_overl_patterns,
  language =	 {english},
  author =	 {Guibas, Leonidas J. and
		  Odlyzko, Andrew M.},
  title =	 {String Overlaps, Pattern Matching, and Nontransitive Games},
  journal =	 {Journal of Combinatorial Theory, Series A},
  year =	 1981,
  volume =	 30,
  number =	 2,
  pages =	 {183-208},
  month =	 mar,
  doi =		 {10.10.16/0097-3165(81)90005-4},
  where =	 {http://ac.els-cdn.com/0097316581900054/1-s2.0-0097316581900054-main.pdf?_tid=c0f9eb1c-eef1-11e2-8354-00000aacb35d&acdnat=1374073467_d2678a35cd48d984002b91ef55e08c0b}
}

@Book{gutmann04:_crypt_sec_arch,
  language =	 {english},
  author =	 {Gutmann, Peter},
  title =	 {Cryptographic Security Architecture:
		  Design and Verification},
  publisher =	 {Springer},
  year =	 2004
}

@InCollection{guy96:_unsol_probl_combin_games,
  language =	 {english},
  author =	 {Guy, Richard K.},
  title =	 {Unsolved Problems in Combinatorial Games},
  booktitle =	 {Games of No Chance},
  pages =	 {475-491},
  publisher =	 {Cambridge University Press},
  year =	 1996,
  editor =	 {Nowakowski, Richard J.},
  number =	 29,
  series =	 {Mathematical Sciences Research Institute Publications}
}

@Book{hackman09:_elemen_number_theo,
  language =	 {english},
  author =	 {Hackman, Peter},
  title =	 {Elementary Number Theory},
  publisher =	 {HHH Productions},
  year =	 2009,
  month =	 nov,
  where =	 {http://www.mai.liu.se/~pehac/kurser/TATM54/booktot.pdf}
}

@Article{hakimi62:_realiz_set_int_degrees_vertices_linear_graph,
  language =	 {english},
  author = 	 {Hakimi, Seifollah L.},
  title = 	 {On Realizability of a Set of Integers
		  as Degrees of the Vertices of a Linear Graph},
  journal = 	 {Journal of the Society for Industrial and Applied Mathematics},
  year = 	 1962,
  volume =	 10,
  number =	 3,
  pages =	 {496-506},
  month =	 sep,
  where =	 {http://epubs.siam.org/doi/pdf/10.1137/0110037}
}

@Article{hall35:_repres_subset,
  language =	 {english},
  author =	 {Hall, Phillip},
  title =	 {On Representatives of Subsets},
  journal =	 {Journal of the London Mathematical Society},
  year =	 1935,
  volume =	 10,
  number =	 1,
  pages =	 {26-30},
  doi =		 {10.1112/jlms/s1-10.37.26}
}

@Article{halmos70:_how_write_math,
  language =	 {english},
  author =	 {Halmos, Paul R.},
  title =	 {How to Write Mathematics},
  journal =	 {L'Enseignment Math{\'e}mathique},
  year =	 1970,
  volume =	 16,
  number =	 2,
  pages =	 {123-152},
  where =	 {http://www.math.uga.edu/~azoff/courses/halmos.pdf}
}

@Book{halmos91:_probl_mathem_young_old,
  language =	 {english},
  author =	 {Halmos, Paul},
  title =	 {Problems for Mathematicians Young and Old},
  publisher =	 {Mathematical Association of America},
  year =	 1991
}

@Article{halperin65:_standard_statisic_symbols,
  language =	 {english},
  author =	 {Halperin, Max and
		  Hartley, H. O. and
		  Hoel, P. G.},
  title =	 {Recommended Standards for Statistical Symbols and Notation},
  journal =	 {The American Statistician},
  year =	 1965,
  volume =	 19,
  number =	 3,
  pages =	 {12-14},
  month =	 jun,
  doi =		 {10.2307/2681417}
}

@Article{hamilton44:_quaternions,
  language =	 {english},
  author =	 {Hamilton, William Rowan},
  title =	 {On Quaternions,
		  or on a New System of Imaginaries in Algebra},
  journal =	 {Philosophical Magazine},
  year =	 1844,
  volume =	 25,
  number =	 3,
  pages =	 {489–495},
  where =	 {http://www.emis.ams.org/classics/Hamilton/OnQuat.pdf}
}

@Book{hammack09:_book_proof,
  language =	 {english},
  author =	 {Hammack, Richard},
  title =	 {The Book of Proof},
  publisher =	 {Virginia Commonwealth University Mathematics},
  year =	 2009,
  volume =	 1,
  series =	 {Mathematics Textbook Series},
  edition =	 {1.3},
  where =	 {http://www.people.vcu.edu/~rhammack/BookOfProof/BookOfProof.pdf}
}

@Book{hammack13:_book_proof,
  language =	 {english},
  author =	 {Hammack, Richard},
  title =	 {The Book of Proof},
  publisher =	 {Virginia Commonwealth University Mathematics},
  year =	 2013,
  volume =	 1,
  series =	 {Mathematics Textbook Series},
  edition =	 {Second},
  where =	 {http://www.people.vcu.edu/~rhammack/BookOfProof/BookOfProof.pdf}
}

@Article{hamming50:_error_detec_correc_codes,
  language =	 {english},
  author =	 {Hamming, Richard W.},
  title =	 {Error Detecting and Correcting Codes},
  journal =	 {Bell System Technical Journal},
  month =	 apr,
  year =	 1950,
  volume =	 29,
  number =	 2,
  pages =	 {147-160},
  where =	 {archive.org/stream/bellsystemtechni00amerrich#page/141/mode/thumb}
}

@Article{hamming80:_unreas_effectiveness_math,
  language =	 {english},
  author =	 {Hamming, Richard W.},
  title =	 {The Unreasonable Effectiveness of Mathematics},
  journal =	 {The American Mathematical Monthly},
  year =	 1980,
  volume =	 87,
  number =	 2,
  pages =	 {81-90},
  month =	 feb
}

@Book{hankerson04:_guide_ellip_curve_crypt,
  language =	 {english},
  author =	 {Hankerson, Darrel and
		  Menezes, Alfred J. and
		  Vanstone, Scott},
  title =	 {Guide to Elliptic Curve Cryptography},
  publisher =	 {Springer},
  year =	 2004,
  isbn13 =	 {978-0-387-95273-4}
}

@Book{hardegree99:_symbolic_logic,
  language =	 {english},
  author =	 {Hardegree, Gary M.},
  title =	 {Symbolic Logic: A First Course},
  publisher =	 {McGraw-Hill College},
  year =	 1999,
  edition =	 {Third},
  where =	 {http://courses.umass.edu/phil110-gmh/text.htm}
}

@Book{hardy40:_apology,
  language =	 {english},
  author =	 {Hardy, Godfrey H.},
  title =	 {A Mathematician's Apology},
  publisher =	 {Cambrigde University Press},
  year =	 1940,
  where =	 {http://www.math.ualberta.ca/mss/misc/A%20Mathematician%27s%20Apology.pdf}
}

@Book{harris08:_combin_graph_theory,
  language =	 {english},
  author =	 {Harris, John and
		  Hirst, Jeffry L. and
		  Mossinghoff, Michael},
  title =	 {Combinatorics and Graph Theory},
  publisher =	 {Springer},
  year =	 2008,
  series =	 {Undergraduate Texts in Mathematics},
  where =	 {http://link.springer.com/book/10.1007/978-0-387-79711-3/page/1#section=20695&page=1}
}

@Article{hasse36:_EC-I,
  language =	 {german},
  author =	 {Hasse, Helmut},
  title =	 {Zur {T}heorie
		  der abstrakten elliptischen {F}unktionenk{\"o}rper.
		  {I}. {D}ie {S}truktur der {G}ruppe der {D}ivisorenklassen
		  endlicher {O}rdnung.},
  journal =	 {Journal f{\"u}r Reine und Angewandte Mathematik},
  year =	 1936,
  volume =	 175,
  pages =	 {55-62},
  doi =		 {10.1515/crll.1936.175.55}
}

@Article{hasse36:_EC-II,
  language =	 {german},
  author =	 {Hasse, Helmut},
  title =	 {Zur {T}heorie
		  der abstrakten elliptischen {F}unktionenk{\"o}rper.
		  {II}. {A}utomorphismen und {M}eromorphismen.
		  {D}as {A}dditionstheorem.},
  journal =	 {Journal f{\"u}r Reine und Angewandte Mathematik},
  year =	 1936,
  volume =	 175,
  pages =	 {69-88},
  doi =		 {10.1515/crll.1936.175.69}
}

@Article{hasse36:_EC-III,
  language =	 {german},
  author =	 {Hasse, Helmut},
  title =	 {Zur {T}heorie
		  der abstrakten elliptischen {F}unktionenk{\"o}rper.
		  {III}. {D}ie {S}truktur des {M}eromorphismenringes.
		  {D}ie {R}iemannsche {V}ermutung.},
  journal =	 {Journal f{\"u}r Reine und Angewandte Mathematik},
  year =	 1936,
  volume =	 175,
  pages =	 {193-208},
  doi =		 {10.1515/crll.1936.175.193},
}

@Article{hathout03:_old_hats_probl,
  language =	 {english},
  author =	 {Hathout, Heba},
  title =	 {The Old Hats Problem},
  journal =	 {Undergraduate Mathematics Journal},
  year =	 2003,
  volume =	 4,
  number =	 1,
  where =	 {https://www.rose-hulman.edu/mathjournal/archives/2003/vol4-n1/paper2/v4n1-2pd.pdf}
}

@Article{hathout04:_old_hats_probl_revis,
  language =	 {english},
  author =	 {Hathout, Heba},
  title =	 {The Old Hats Problem Revisited},
  journal =	 {The College Mathematics Journal},
  year =	 2004,
  volume =	 35,
  number =	 2,
  pages =	 {97-102},
  month =	 mar
}

@Article{hatton05:_ec_meas_based_safer_subset,
  language =	 {english},
  author =	 {Hatton, Leslie},
  title =	 {{EC$-$}, A Measurement Based Safer Subset of {ISO} {C}
		  Suitable for Embedded Development},
  journal =	 {Information and Software Technology},
  year =	 2005,
  volume =	 47,
  number =	 3,
  pages =	 {181-187},
  month =	 mar,
  where =	 {http://www.leshatton.org/wp-content/uploads/2012/01/ISOC_subset.pdf}
}

@Article{haukkanen93:_formal_power_series_binom_sums_sequen_numbers,
  language =	 {english},
  author =	 {Haukkanen, Penti},
  title =	 {Formal Power Series for Binomial Sums
		  of Sequences of Numbers},
  journal =	 {The Fibonacci Quarterly},
  year =	 1993,
  volume =	 31,
  number =	 1,
  pages =	 {28-31},
  month =	 feb
}

@Article{havel55:_poznamka,
  language =	 {czech},
  author = 	 {Havel, V{\'a}clav},
  title = 	 {Pozn{\'a}mka o existenci kone{\v c}n{\'y}ch graf{\'u}},
  journal = 	 {{\v C}asopsis pro p{\v e}stov{\'a}n{\'\i} matematiky},
  year = 	 1955,
  volume =	 80,
  number =	 4,
  pages =	 {477-480},
  where =	 {http://dml.cz/handle/10338.dmlcz/108220}
}

@Book{havil07:_nonplussed,
  language =	 {english},
  author =	 {Havil, Julian},
  title =	 {Nonplussed!
		  Mathematical Proof of Implausible Ideas},
  publisher =	 {Princeton University Press},
  year =	 2007
}

@Article{hayman56:_generalization_Stirling,
  language =	 {english},
  author =	 {Hayman, Walter K.},
  title =	 {A Generalization of {S}tirling's Formula},
  journal =	 {Journal f{\"u}r die reine und angewandte Mathematik},
  year =	 1956,
  volume =	 196,
  pages =	 {67-95},
  month =	 jan
}

@Book{hefferon09:_linear_algeb,
  language =	 {english},
  author =	 {Hefferon, Jim},
  title =	 {Linear Algebra},
  publisher =	 {Virginia Commonwealth University Mathematics},
  year =	 2009,
  where =	 {http://joshua.smcvt.edu/linearalgebra/book.pdf}
}

@Article{heideman84:_gauss_history_FFT,
  language =	 {english},
  author =	 {Heideman, Michael T. and
		  Johnson, Don H. and
		  Burrus, C. Sidney},
  title =	 {Gau{\ss} and the History
		  of the {F}ast {F}ourier {T}ransform},
  journal =	 {IEEE ASSP Magazine},
  year =	 1984,
  volume =	 1,
  number =	 4,
  pages =	 {14-21},
  month =	 oct,
  where =	 {http://ieeexplore.ieee.org/xpls/abs_all.jsp?arnumber=1162257}
}

@Book{hein03:_discr_math,
  language =	 {english},
  author =	 {Hein, James L.},
  title =	 {Discrete Mathematics},
  publisher =	 {Jones and Bartlett Publishers},
  year =	 2003,
  edition =	 {Second}
}

@Book{hein96:_discr_math,
  language =	 {english},
  author =	 {Hein, James L.},
  title =	 {Discrete Mathematics},
  publisher =	 {Jones and Bartlett Publishers},
  year =	 1996
}

@Article{henderson03:_mathem_reason_softw_engin_educat,
  language =	 {english},
  author =	 {Henderson, Peter B.},
  title =	 {Mathematical Reasoning in Software Engineering Education},
  journal =	 {Communications of the ACM},
  volume =	 46,
  number =	 9,
  month =	 sep,
  year =	 2003,
  pages =	 {45-50},
  numpages =	 6,
  doi =		 {10.1145/903893.903919},
}

@InProceedings{heninger12:_mining_your_ps_qs,
  language =	 {english},
  author =	 {Heninger, Nadia and
		  Durumeric, Zakir and
		  Wustrow, Eric and
		  Halderman, J. Alex},
  title =	 {Mining Your {P}s and {Q}s:
		  {D}etection of Widespread Weak Keys in Network Devices},
  booktitle =	 {Proceedings of the 21st {USENIX} Security Symposium},
  month =	 aug,
  year =	 2012,
  where =	 {https://factorable.net/paper.html}
}

@Article{hierholzer73:_ueber_moegl_linien,
  language =	 {german},
  author =	 {Hierholzer, Carl},
  title =	 {{\"U}ber die {M}{\"o}glichkeit,
		  einen {L}inienzug ohne {W}iederholung
		  und ohne {U}nterbrechung zu umfahren},
  journal =	 {Mathematische Annalen},
  year =	 1873,
  volume =	 6,
  number =	 1,
  pages =	 {30-32},
  doi =		 {10.1007/BF01442866}
}

@Book{hildebrand13:_introd_numer_analy,
  language =	 {english},
  author =	 {Hildebrand, F. B.},
  title =	 {Introduction to Numerical Analysis},
  publisher =	 {Dover Publications, Inc.},
  year =	 2013,
  edition =	 {Second}
}

@Article{hoare62:_quicksort,
  language =	 {english},
  author =	 {Hoare, C. A. R.},
  title =	 {Quicksort},
  journal =	 {Computer Journal},
  year =	 1962,
  month =	 apr,
  volume =	 5,
  number =	 1,
  pages =	 {10-15}
}

@Article{hoare69:_axiom_basis_comput_progr,
  language =	 {english},
  author =	 {Hoare, C. A. R.},
  title =	 {An Axiomatic Basis for Computer Programming},
  journal =	 {Communications of the ACM},
  year =	 1969,
  volume =	 12,
  number =	 10,
  pages =	 {576-580, 583},
  month =	 oct,
  DOI =		 {doi:10.1145/363235.363259}
}

@Article{hoare71:_proof_FIND,
  language =	 {english},
  author =	 {Hoare, C. A. R.},
  title =	 {Proof of a Program: {FIND}},
  journal =	 {Communications of the ACM},
  year =	 1971,
  volume =	 14,
  number =	 1,
  pages =	 {39-45},
  month =	 jan,
  where =	 {http://www.cs.virginia.edu/~weimer/615/reading/HoareFind.pdf}
}

@Article{hoare81:_old_clothes,
  language =	 {english},
  author =	 {Hoare, C. A. R.},
  title =	 {The Emperor's Old Clothes},
  journal =	 {Communications of the ACM},
  year =	 1981,
  volume =	 24,
  number =	 2,
  pages =	 {75-83},
  month =	 feb,
  note =	 {Turing award lecture}
}

@Book{hofri87:_probab_analy_algor,
  language =	 {english},
  author =	 {Hofri, Micha},
  title =	 {Probabilistic Analysis of Algorithms:
		  On Computing Methodologies
		  for Computer Algorithms Performance Evaluation},
  publisher =	 {Springer Verlag},
  year =	 1987,
  series =	 {Texts and Monographs in Computer Science}
}

@Book{honsberger98:_ingenuity_math,
  language =	 {english},
  author =	 {Honsberger, Ross},
  title =	 {Ingenuity in Mathematics},
  publisher =	 {Mathematical Association of America},
  year =	 1998,
  number =	 23,
  series =	 {New Mathematical Library}
}

@Book{hopcroft01:_intro_autom_theor_languag_comput,
  language =	 {english},
  author =	 {Hopcroft, John E. and
		  Motwani, Rajeev and
		  Ullman, Jeffrey D.},
  title =	 {Introduction to Automata Theory,
		  Languages,
		  and Computation},
  publisher =	 {Addison-Wesley},
  year =	 2001,
  edition =	 {Second}
}

@Book{hopcroft06:_intro_autom_theor_languag_comput,
  language =	 {english},
  author =	 {Hopcroft, John E. and
		  Motwani, Rajeev and
		  Ullman, Jeffrey D.},
  title =	 {Introduction to Automata Theory,
		  Languages,
		  and Computation},
  publisher =	 {Addison-Wesley},
  year =	 2006,
  edition =	 {Third}
}

@Article{hopcroft73:_alg_max_match_bipar_graph,
  language =	 {english},
  author =	 {Hopcroft, John E. and
		  Karp, Richard M.},
  title =	 {An \(n^{5/2}\) Algorithm for Maximum Matchings
		  in Bipartite Graphs},
  journal =	 {SIAM Journal on Computing},
  year =	 1973,
  volume =	 2,
  number =	 4,
  pages =	 {225-231}
}

@Misc{ieee:_802.1d-2004,
  language =	 {english},
  key =		 {IEEE 802.1d},
  organization = {{IEEE} {C}omputer {S}ociety},
  title =	 {{IEEE} {S}tandard for Local
		  and Metropolitan Area Networks:
		  Media Access Control ({MAC}) Bridges},
  howpublished = {IEEE Std 802.1d-2004},
  year =	 2004,
  where =	 {http://standards.ieee.org/getieee802/download/802.1D-2004.pdf}
}

@Book{iverson62:_APL,
  language =	 {english},
  author =	 {Iverson, Kenneth E.},
  title =	 {A Programming Language},
  publisher =	 {John Wiley \& Sons},
  year =	 1962
}

@Article{jaja00:_perspective_quicksort,
  language =	 {english},
  author =	 {JaJa, Joseph},
  title =	 {A Perspective on {Q}uicksort},
  journal =	 {Computing in Science and Engineering},
  year =	 2000,
  volume =	 2,
  number =	 1,
  month =	 {January/February},
  pages =	 {43-49},
  doi =		 {10.1109/MCISE.2000.814657}
}

@Article{jameson06:_count_zeros_gener_poly,
  language =	 {english},
  author =	 {Jameson, G. J. O.},
  title =	 {Counting Zeros of Generalized Polynomials:
		  {D}escartes' Rule of Signs
		  and {L}aguerre's Extensions},
  journal =	 {Mathematical Gazette},
  year =	 2006,
  volume =	 90,
  number =	 518,
  pages =	 {223-234},
  month =	 jul,
  where =	 {http://www.maths.lancs.ac.uk/~jameson/zeros.pdf}
}

@Book{jaynes03:_probab_theo,
  language =	 {english},
  author =	 {Jaynes, E. T. and
		  Bretthorst, G. Larry},
  title =	 {Probability Theory: The Logic of Science},
  publisher =	 {Cambridge University Press},
  year =	 2003
}

@Book{jensen-vallin12:_notes_cours_proof,
  language =	 {english},
  author =	 {Jensen-Vallin, Jacqueline A.},
  title =	 {Notes for a Course on Proofs},
  publisher =	 {Journal of Inquiry-Based Learning in Mathematics},
  year =	 2012,
  volume =	 27,
  month =	 aug,
  where =	 {http://www.jiblm.org/downloads/jiblmjournal/V120427I/V120427I.pdf}
}

@Book{jevons74:_princ_scien,
  language =	 {english},
  author =	 {Jevons, William S.},
  title =	 {The Principles of Science:
		  A Treatise on Logic and Scientific Method},
  publisher =	 {Macmillan},
  year =	 1874
}

@Article{jonassen78:_trivial_algorithm,
  language =	 {english},
  author =	 {Jonassen, Arne T. and
		  Knuth, Donald E.},
  title =	 {A Trivial Algorithm whose Analysis Isn't},
  journal =	 {Journal of Computer and System Sciences},
  year =	 1978,
  volume =	 16,
  number =	 3,
  pages =	 {301-322},
  month =	 jun,
}

@Article{jones03:_early_searc_tract_ways_reason_about_progr,
  language =	 {english},
  author =	 {Jones, Cliff B.},
  title =	 {The Early Search for Tractable Ways of Reasoning
		  About Programs},
  journal =	 {IEEE Annals of the History of Computing},
  year =	 2003,
  volume =	 25,
  number =	 2,
  pages =	 {26-49},
  month =	 {April/June},
  doi =		 {http://doi.ieeecomputersociety.org/10.1109/MAHC.2003.1203057}
}

@Book{jordan87:_cours_analyse,
  language =	 {french},
  author =	 {Jordan, Camille},
  title =	 {Cours d'analyse de l'{\'E}cole Polytechnique:
		  Calcul int{\'e}gral {\'E}quations diff{\'e}rentielles},
  publisher =	 {Gauthier-Villars},
  year =	 1887,
  volume =	 3,
  address =	 {Paris, France}
}

@Book{joyner08:_adven_group_theory,
  language =	 {english},
  author =	 {Joyner, David},
  title =	 {Adventures in group theory:
		  {R}ubik's cube, {M}erlin's machine,
		  and Other Mathematical Toys},
  publisher =	 {Johns Hopkins University Press},
  year =	 2008,
  edition =	 {Second},
  annote =	 {Earlier version is \url{http://www.permutationpuzzles.org/rubik/webnotes/rubik.pdf}}
}

@Book{judson09:_abstr_algeb,
  language =	 {english},
  author =	 {Judson, Thomas W.},
  title =	 {Abstract Algebra: Theory and Applications},
  publisher =	 {Virginia Commonwealth University Mathematics},
  year =	 2009,
  hg-url =	 {https://judson@bitbucket.org/judson/aata}
}

@Book{judson11:_abstr_algeb,
  language =	 {english},
  author =	 {Judson, Thomas W.},
  title =	 {Abstract Algebra: Theory and Applications},
  publisher =	 {Virginia Commonwealth University Mathematics},
  year =	 2011,
  where =	 {http://abstract.ups.edu}
}

@Book{judson13:_abstr_algeb,
  language =	 {english},
  author =	 {Judson, Thomas W.},
  title =	 {Abstract Algebra: Theory and Applications},
  publisher =	 {Virginia Commonwealth University Mathematics},
  year =	 2013,
  where =	 {http://abstract.ups.edu}
}

@Book{judson14:_abstr_algeb,
  language =	 {english},
  author =	 {Judson, Thomas W.},
  title =	 {Abstract Algebra: Theory and Applications},
  publisher =	 {Virginia Commonwealth University Mathematics},
  year =	 2014,
  where =	 {http://abstract.ups.edu},
  hg-url =	 {https://judson@bitbucket.org/judson/aata}
}

@Article{jungen31:_sur_taylor,
  language =	 {french},
  author =	 {Jungen, R.},
  title =	 {Sur les s\'eries de {T}aylor n'ayant
		  que des singularit\'es alg\'ebrico-logarithmiques
		  sur leur cercle de convergence},
  journal =	 {Comentarii Mathematici Helvetici},
  year =	 1931,
  volume =	 3,
  pages =	 {266-306},
  where =	 {http://retro.seals.ch/cntmng?pid=comahe-001:1931:3::23},
  doi =		 {10.5169/seals-4692}
}

@Book{kac92:_math_logic,
  language =	 {english},
  author =	 {Kac, Mark and
		  Ulam, Stanislaw M.},
  title =	 {Mathematics and Logic},
  publisher =	 {Dover Publications, Inc.},
  year =	 1992
}

@Article{kahn62:_topol_sorting_large_net,
  language =	 {english},
  author =	 {Kahn, Arthur B.},
  title =	 {Topological Sorting of Large Networks},
  journal =	 {Communications of the ACM},
  year =	 1962,
  volume =	 5,
  number =	 11,
  pages =	 {558-562},
  month =	 nov
}

@Article{kalman93:_six_ways_sum_series,
  language =	 {english},
  author =	 {Kalman, Dan},
  title =	 {Six Ways to Sum a Series},
  journal =	 {The College Mathematics Journal},
  year =	 1993,
  volume =	 24,
  number =	 5,
  pages =	 {402-421},
  month =	 nov,
  where =	 {http://www.maa.org/pubs/Calc_articles/ma045.pdf}
}

@Book{kaplan03:_art_of_infinite,
  language =	 {english},
  author =	 {Kaplan, Robert and
		  Kaplan, Ellen},
  title =	 {The Art of the Infinite:
		  The Pleasures of Mathematics},
  publisher =	 {Oxford Universiry Press},
  year =	 2003
}

@Article{kaplansky43:_menages,
  language =	 {english},
  author =	 {Kaplansky, Irving},
  title =	 {Solution to the ``probl{\`e}me des m{\'e}nages''},
  journal =	 {Bulletin of the American Mathematical Society},
  year =	 1943,
  volume =	 49,
  number =	 10,
  pages =	 {784-785},
  month =	 oct,
  where =	 {http://projecteuclid.org/download/pdf_1/euclid.bams/1183505432}
}

@Article{karamata35:_sommab_exp,
  language =	 {french},
  author =	 {Karamata, Jovan},
  title =	 {Th{\'e}or{\`e}mes sur la Sommabilit{\'e} Exponentielle
		  et d'autres Sommabilit{\'e}s Rattachant},
  journal =	 {Mathematica (Cluj)},
  year =	 1935,
  volume =	 9,
  pages =	 {164-178}
}

@Article{karatsuba62:_multiplication,
  language =	 {english},
  author =	 {Karatsuba, A. and
		  Ofman, {\relax Yu.}},
  title =	 {Multiplication of Many-Digital Numbers by Automatic
		  Computers},
  journal =	 {Proceedings of the USSR Academy of Sciences},
  year =	 1962,
  volume =	 145,
  pages =	 {293-294}
}

@Article{karloff93:_random_algor_pseud_number,
  language =	 {english},
  author =	 {Karloff, Howard J. and
		  Raghavan, Prabhakar},
  title =	 {Randomized Algorithms and Pseudorandom Numbers},
  journal =	 {Journal of the ACM},
  year =	 1993,
  volume =	 40,
  number =	 3,
  pages =	 {454-476},
  month =	 jul,
  doi =		 {http://dx.doi.org/10.1145/174130.174132}
}

@InProceedings{karp72:_reduc_among_combin_prob,
  language =	 {english},
  author =	 {Karp, Richard M.},
  title =	 {Reducibility Among Combinatorial Problems},
  booktitle =	 {Complexity of Computer Computations},
  year =	 1972,
  pages =	 {85-103},
  editor =	 {Miller, R. E. and
		  Thatcher, J. W.},
  publisher =	 {Plenum Press}
}

@Book{kauers11:_concr_tetrah,
  language =	 {english},
  author =	 {Kauers, Manuel and
		  Paule, Peter},
  title =	 {The Concrete Tetrahedron:
		  Symbolic Sums, Recurrence Equations,
		  Generating Functions, Asymptotic Estimates},
  publisher =	 {Springer},
  year =	 2011,
  series =	 {Texts and Monographs in Symbolic Computation},
  isbn13 =	 {978-3-7091-0444-6}
}

@InProceedings{kelley59:_CPM,
  language =	 {english},
  author =	 {Kelley, James and
		  Walker, Morgan},
  title =	 {Critical-Path Planning and Scheduling},
  booktitle =	 {Proceedings of the Eastern Joint Computer Conference},
  year =	 1959
}

@Article{kempe86:_memoir_theor_mathem_form,
  language =	 {english},
  author =	 {Kempe, Alfred B.},
  title =	 {A Memoir on the Theory of Mathematical Form},
  journal =	 {Philosophical Transactions of the Royal Society of London},
  year =	 1886,
  volume =	 177,
  pages =	 {1-70},
  doi =		 {10.1098/Frstl.1886.0002}
}

@Book{kernighan88:_c_progr_lang,
  language =	 {english},
  author =	 {Kernighan, Brian W. and
		  Ritchie, Dennis M.},
  title =	 {The {C} Programming Language},
  publisher =	 {Prentice Hall},
  year =	 1988,
  edition =	 {Second}
}

@Book{kernighan99:_practice_progr,
  language =	 {english},
  author =	 {Kernighan, Brian W. and
		  Pike, Rob},
  title =	 {The Practice of Programming},
  publisher =	 {Addison-Wesley Professional},
  year =	 1999
}

@Article{kiefer53:_seq_minimax_search_maximum,
  language =	 {english},
  author =	 {Kiefer, J.},
  title =	 {Sequential Minimax Search for a Maximum},
  journal =	 {Proceedings of the American Mathematical Association},
  year =	 1953,
  volume =	 4,
  pages =	 {502-506},
  doi =		 {http://dx.doi.org/10.2307/2032161}
}

@Book{kirtland01:_ident_number_check_digit_schem,
  language =	 {english},
  author =	 {Kirtland, Joseph},
  title =	 {Identification Numbers and Check Digit Schemes},
  publisher =	 {The Mathematical Association of America},
  year =	 2001,
  series =	 {Classroom Resource Materials}
}

@Article{kleiner86:_evolut_group_theory,
  language =	 {english},
  author =	 {Kleiner, Israel},
  title =	 {The Evolution of Group Theory:
		  A Brief Survey},
  journal =	 {Mathematics Magazine},
  year =	 1986,
  volume =	 59,
  number =	 4,
  pages =	 {195-215},
  month =	 oct,
  where =	 {http://mathdl.maa.org/images/upload_library/22/Allendoerfer/1987/0025570x.di021146.02p0096z.pdf}
}

@Article{kleiner91:_rigor_proof_math,
  language =	 {english},
  author =	 {Kleiner, Israel},
  title =	 {Rigor and Proof in Mathematics: A Historical Perspective},
  journal =	 {Mathematics Magazine},
  year =	 1991,
  volume =	 64,
  number =	 5,
  pages =	 {291-314},
  month =	 dec,
  where =	 {http://mathdl.maa.org/images/upload_library/22/Allendoerfer/1992/0025570x.di021172.02p0031c.pdf}
}

@Article{kleiner94:_role_paradox_evol_math,
  language =	 {english},
  author =	 {Kleiner, Israel and
		  Movshovitz-Hadar, Nitsa},
  title =	 {The Role of Paradoxes in the Evolution of Mathematics},
  journal =	 {The American Mathematical Monthly},
  year =	 1994,
  volume =	 101,
  pages =	 {963-974},
  where =	 {http://mathdl.maa.org/images/upload_library/22/Ford/Kleiner-Hadar963-674.pdf}
}

@Book{kline85:_math_nonmath,
  language =	 {english},
  author =	 {Kline, Morris},
  title =	 {Mathematics for the Nonmathematician},
  publisher =	 {Dover Publications, Inc.},
  year =	 1985
}

@Book{knuth11:_combin_alg_1,
  language =	 {english},
  author =	 {Knuth, Donald E.},
  title =	 {Combinatorial Algorithms, Part 1},
  publisher =	 {Addison-Wesley},
  year =	 {\noopsort{2011a}2011},
  volume =	 {4a},
  series =	 {The Art of Computer Programming}
}

@Article{knuth64:_trans_number_based_fibon_sequen,
  language =	 {english},
  author =	 {Knuth, Donald E.},
  title =	 {Transcendental Numbers Based on the {F}ibonacci Sequence},
  journal =	 {The Fibonacci Quarterly},
  year =	 1964,
  volume =	 2,
  number =	 1,
  pages =	 {43-44, 55},
  month =	 feb,
  where =	 {http://www.fq.math.ca/Scanned/2-1/knuth-a.pdf,
		  http://www.fq.math.ca/Scanned/2-1/knuth-b.pdf}
}

@Book{knuth69:_semin_algor,
  language =	 {english},
  author =	 {Knuth, Donald E.},
  title =	 {Seminumerical Algorithms},
  publisher =	 {Addison-Wesley},
  year =	 {\noopsort{1969a}1969},
  volume =	 2,
  series =	 {The Art of Computer Programming}
}

@Book{knuth73:_fundam_algor,
  language =	 {english},
  author =	 {Knuth, Donald E.},
  title =	 {Fundamental Algorithms},
  publisher =	 {Addison-Wesley},
  year =	 {\noopsort{1968b}1973},
  volume =	 1,
  series =	 {The Art of Computer Programming},
  edition =	 {Second}
}

@Book{knuth73:_sortin_searc,
  language =	 {english},
  author =	 {Knuth, Donald E.},
  title =	 {Sorting and Searching},
  publisher =	 {Addison-Wesley},
  year =	 {\noopsort{1973a}1973},
  volume =	 3,
  series =	 {The Art of Computer Programming}
}

@Article{knuth74:_struc_progr_goto,
  language =	 {english},
  author =	 {Knuth, Donald E.},
  title =	 {Structured Programming with \texttt{go to} Statements},
  journal =	 {Computing Surveys},
  year =	 1974,
  volume =	 6,
  number =	 4,
  pages =	 {261-301},
  month =	 dec,
  where =	 {http://pic.plover.com/knuth-GOTO.pdf}
}

@article{knuth76:_anal_simpl_factor_algor,
  language =	 {english},
  author =	 {Knuth, Donald E. and
		  Trabb Pardo, Luis},
  title =	 {Analysis of a Simple Factorization Algorithm},
  journal =	 {Theoretical Computer Science},
  year =	 1976,
  volume =	 3,
  number =	 3,
  pages =	 {321-348},
  month =	 dec,
  issn8 =	 {0304-3975},
  doi =		 {10.1016/0304-3975(76)90050-5},
  where =	 {http://www.sciencedirect.com/science/article/pii/0304397576900505},
}

@Article{knuth76:_big_omicr_omega_theta,
  language =	 {english},
  author =	 {Knuth, Donald E.},
  title =	 {Big {O}micron and big {O}mega and big {T}heta},
  journal =	 {ACM SIGACT News},
  year =	 1976,
  volume =	 8,
  number =	 2,
  pages =	 {18-24},
  month =	 apr,
  doi =		 {10.1145/1008328.1008329}
}

@Unpublished{knuth77:_notes_emde_boas_const_prior_deques,
  language =	 {english},
  author =	 {Knuth, Donald E.},
  title =	 {Notes on the van {E}mde {B}oas Construction
		  of Priority Deques: An Instructive Use of Recursion},
  note =	 {Cited by the author on his webpage,
		  \url{http://www-cs-faculty.stanford.edu/~knuth/faq.html}},
  month =	 mar,
  year =	 1977
}

@Book{knuth81:_semin_algor,
  language =	 {english},
  author =	 {Knuth, Donald E.},
  title =	 {Seminumerical Algorithms},
  publisher =	 {Addison-Wesley},
  year =	 {\noopsort{1969b}1981},
  volume =	 2,
  series =	 {The Art of Computer Programming},
  edition =	 {Second}
}

@Article{knuth84:_compl_songs,
  language =	 {english},
  author =	 {Knuth, Donald E.},
  title =	 {The Complexity of Songs},
  journal =	 {Communications of the ACM},
  year =	 1984,
  volume =	 27,
  number =	 4,
  pages =	 {344-346},
  month =	 apr,
  doi =		 {http://dx.doi.org/10.1145/358027.358042}
}

@Article{knuth89:_errors_TeX,
  language =	 {english},
  author =	 {Knuth, Donald E.},
  title =	 {The Errors of {\TeX}},
  journal =	 {Software: Practice and Experience},
  year =	 1989,
  volume =	 19,
  number =	 7,
  pages =	 {607-685},
  month =	 jul,
  doi =		 {10.1002/spe.4380190702}
}

@Book{knuth89:_math_writing,
  language =	 {english},
  author =	 {Knuth, Donald E. and
		  Larrabee, Tracy L. and
		  Roberts, Paul M.},
  title =	 {Mathematical Writing},
  publisher =	 {Mathematical Association of America},
  year =	 1989,
  where =	 {http://www-cs-faculty.stanford.edu/~knuth/klr.html}
}

@Article{knuth89:_short_proof_Darboux,
  language =	 {english},
  author =	 {Knuth, Donald E. and
		  Wilf, Herbert S.},
  title =	 {A Short Proof of {D}arboux's Lemma},
  journal =	 {Applied Mathematics Letters},
  year =	 1989,
  volume =	 2,
  number =	 2,
  pages =	 {139-140},
  doi =		 {10.1016/0893-9659(89)90101-8}
}

@Article{knuth92:_two_notes_notat,
  language =	 {english},
  author =	 {Knuth, Donald E.},
  title =	 {Two Notes on Notation},
  journal =	 {The American Mathematical Monthly},
  year =	 1992,
  volume =	 99,
  number =	 5,
  pages =	 {403-422},
  month =	 may,
  where =	 {http://mathdl.maa.org/images/upload_library/22/Ford/knuth403-422.pdf}
}

@Article{knuth93:_johann_faulhaber_sums_powers,
  language =	 {english},
  author =	 {Knuth, Donald E.},
  title =	 {{J}ohann {F}aulhaber and Sums of Powers},
  journal =	 {Mathematics of Computation},
  year =	 1993,
  volume =	 61,
  number =	 203,
  pages =	 {277-294},
  month =	 jul,
  doi =		 {10.1090/S0025-5718-1993-1197512-7},
  where =	 {http://arxiv.org/abs/math/9207222v1}
}

@InCollection{knuth94:_brack_notat_coeff_operat,
  language =	 {english},
  author =	 {Knuth, Donald E.},
  title =	 {Bracket Notation for the `Coefficient of' Operator},
  booktitle =	 {A Classical Mind,
		  Essays in Honour of {C}. {A}. {R}. {H}oare},
  pages =	 {247-258},
  publisher =	 {Prentice Hall},
  year =	 1994,
  editor =	 {Roscoe, A. W.},
  where =	 {http://arxiv.org/abs/math/9402216}
}

@Book{knuth97:_fundam_algor,
  language =	 {english},
  author =	 {Knuth, Donald E.},
  title =	 {Fundamental Algorithms},
  publisher =	 {Addison-Wesley},
  year =	 {\noopsort{1968c}1997},
  volume =	 1,
  series =	 {The Art of Computer Programming},
  edition =	 {Third}
}

@Book{knuth97:_semin_algor,
  language =	 {english},
  author =	 {Knuth, Donald E.},
  title =	 {Seminumerical Algorithms},
  publisher =	 {Addison-Wesley},
  year =	 {\noopsort{1969c}1997},
  volume =	 2,
  series =	 {The Art of Computer Programming},
  edition =	 {Third}
}

@Book{knuth98:_sortin_searc,
  language =	 {english},
  author =	 {Knuth, Donald E.},
  title =	 {Sorting and Searching},
  publisher =	 {Addison-Wesley},
  year =	 {\noopsort{1973b}1998},
  volume =	 3,
  edition =	 {Second},
  series =	 {The Art of Computer Programming}
}

@Book{koenig36:_theor_graph,
  language =	 {german},
  author =	 {K{\H o}nig, D{\'e}nes},
  title =	 {Theorie der endlichen und unendlichen {G}raphen},
  publisher =	 {Akademische Verlagsgesellschaft,
		  Leipzig},
  year =	 1936
}

@Article{komornik06:_anoth_short_proof_rule_signs,
  language =	 {english},
  author =	 {Komornik, Vilmos},
  title =	 {Another Short Proof of {D}escartes' Rule of Signs},
  journal =	 {The American Mathematical Monthly},
  year =	 2006,
  volume =	 113,
  number =	 9,
  pages =	 {829-830},
  month =	 nov
}

@Article{korselt99:_probl_chinois,
  language =	 {french},
  author =	 {Korselt, Alvin R.},
  title =	 {Probl{\`e}me Chinois},
  journal =	 {L'Interm{\'e}diaire des Math{\'e}maticiens},
  year =	 1899,
  volume =	 6,
  pages =	 {142-143}
}

@Book{krantz99:_how_teach_math,
  language =	 {english},
  author =	 {Krantz, Steven G.},
  title =	 {How to Teach Mathematics},
  publisher =	 {The American Mathematical Society},
  year =	 1999,
  edition =	 {Second}
}

@Article{kruskal56:_short_spann_subtree,
  language =	 {english},
  author =	 {Kruskal, Joseph B.},
  title =	 {On the Shortest Spanning Subtree of a Graph
		  and the Traveling Salesman Problem},
  journal =	 {Proceedings of the American Mathematical Society},
  pages =	 {48-50},
  year =	 1956,
  volume =	 7,
  number =	 1,
  month =	 feb
}

@Book{kuhn70:_structure_science_revolutions,
  language =	 {english},
  author =	 {Kuhn, Thomas S.},
  title =	 {The Structure of Scientific Revolutions},
  publisher =	 {The University of Chicago Press},
  year =	 1970,
  edition =	 {Second}
}

@Book{lHopital96:_analy_infin_petit_lignes_courb,
  language =	 {french},
  author =	 {de l'\relax H{\^o}pital,
		  Guillaume Marquis},
  title =	 {Analyse des Infiniment Petits
		  pour l'Intelligence des Lignes Courbes},
  publisher =	 {Paris, France},
  year =	 1696
}

@Article{lah54:_new_kind_number,
  language =	 {english},
  author =	 {Lah, Ivo},
  title =	 {A New Kind of Numbers
		  and its Application in the Actuarial Mathematics},
  journal =	 {Boletim do Instituto dos Actuarios Portugueses},
  year =	 1954,
  volume =	 9,
  pages =	 {7-15},
  month =	 jun
}

@Article{lambrou05:_math_induction_i,
  language =	 {english},
  author =	 {Lambrou, Michael},
  title =	 {Mathematical Induction: Notes for the Teacher {I}},
  journal =	 {Creative Mathematics and Informatics},
  year =	 2005,
  volume =	 14,
  pages =	 {19-30},
  where =	 {http://creative-mathematics.ubm.ro/issues/creative_2005_14_19_30.pdf}
}

@Article{lambrou06:_math_induction_ii,
  language =	 {english},
  author =	 {Lambrou, Michael},
  title =	 {Mathematical Induction: Notes for the Teacher {II}},
  journal =	 {Creative Mathematics and Informatics},
  year =	 2006,
  volume =	 15,
  pages =	 {117-132},
  where =	 {http://creative-mathematics.ubm.ro/issues/creative_2006_15_117_132.pdf}
}

@Article{lame44:_gcd,
  language =	 {french},
  author =	 {Lam{\'e}, Gabriel},
  title =	 {Note sur la limite du nombre des divisions
		  dans la recherche du plus grand commun diviseur
		  entre deux nombres entiers},
  journal =	 {Comptes Rendus de l'Acad{\'e}mie des Sciences},
  year =	 1844,
  volume =	 19,
  pages =	 {867-870}
}

@Book{lang02:_algebra,
  language =	 {english},
  author =	 {Lang, Serge},
  title =	 {Algebra},
  publisher =	 {Springer},
  year =	 2002,
  volume =	 211,
  series =	 {Graduate Texts in Mathematics},
  edition =	 {Third}
}

@Article{lasalle12:_two_integ_sequen_relat_catal_number,
  language =	 {english},
  author =	 {Lasalle, Michel},
  title =	 {Two Integer Sequences Related to {C}atalan Numbers},
  journal =	 {Journal of Combinatorial Theory, Series A},
  year =	 2012,
  volume =	 119,
  number =	 4,
  pages =	 {923-935},
  month =	 may,
  where =	 {http://arxiv.org/abs/1009.4225}
}

@Article{lawler72:_proced_comput_best_solut_discr,
  language =	 {english},
  author =	 {Lawler, Eugene L.},
  title =	 {A Procedure for Computing the \(k\) Best Solutions
		  to Discrete Optimization Problems and its Application
		  to the Shortest Path Problem},
  journal =	 {Management Science, Theory Series},
  year =	 1972,
  volume =	 18,
  number =	 7,
  pages =	 {401-405},
  month =	 mar,
  where =	 {http://www.jstor.org/stable/2629357}
}

@Article{leavenworth70:_19420,
  language =	 {english},
  author =	 {Leavenworth, Burt},
  title =	 {Review \#19420},
  journal =	 {Computing Reviews},
  year =	 1970,
  volume =	 11,
  pages =	 {396-397}
}

@Article{lehner69:_picard_theorems,
  language =	 {english},
  author =	 {Lehner, Joseph},
  title =	 {The {P}icard Theorems},
  journal =	 {The American Mathematical Monthly},
  year =	 1969,
  volume =	 76,
  number =	 9,
  pages =	 {1005-1012},
  month =	 nov,
  doi =		 {10.2307/2317125}
}

@Article{lenstra02:_solving_pell_equat,
  language =	 {english},
  author =	 {Lenstra, Jr., Hendrik W.},
  title =	 {Solving the {P}ell Equation},
  journal =	 {Notices of the AMS},
  year =	 2002,
  volume =	 49,
  number =	 2,
  pages =	 {182-192},
  month =	 feb
}

@Article{lenstra87:_factor_integ_ellip_curves,
  language =	 {english},
  author =	 {Lenstra, Jr., Hendrik W.},
  title =	 {Factoring Integers with Elliptic Curves},
  journal =	 {The Annals of Mathemathics},
  year =	 1987,
  volume =	 126,
  number =	 3,
  pages =	 {649-673},
  month =	 nov,
  where =	 {http://www.jstor.org/stable/1971363}
}

@Book{lewis97:_elemen_theor_comput,
  language =	 {english},
  author =	 {Lewis, Harry and
		  Papadimitriou, Christos H.},
  title =	 {Elements of the Theory of Computation},
  publisher =	 {Prentice Hall},
  year =	 1997,
  edition =	 {Second}
}

@Book{lint01:_cours_combin,
  language =	 {english},
  author =	 {Lint, Jacobus H. van and
		  Wilson, Richard M.},
  title =	 {A Course in Combinatorics},
  publisher =	 {Cambridge University Press},
  year =	 2001,
  edition =	 {Second},
  where =	 {http://www.shahroodut.ac.ir/fa/download.php?id=1111117466}
}

@Book{liu68:_introd_combin_mathem,
  language =	 {english},
  author =	 {Liu, C. L.},
  title =	 {Introduction to Combinatorial Mathematics},
  publisher =	 {McGraw-Hill},
  year =	 1968,
  series =	 {Computer Science Series}
}

@PhdThesis{lladser03:_asymp_enumer_singularity_analy,
  language =	 {english},
  author =	 {Lladser, Manuel E.},
  title =	 {Asymptotic Enumeration Via Singularity Analysis},
  school =	 {Ohio State University},
  year =	 2003,
  where =	 {http://etd.ohiolink.edu/send-pdf.cgi/Lladser%20Manuel%20Eugenio.pdf?acc_num=osu1060976912}
}

@InProceedings{london71:_softw_reliab_proving_prog_correct,
  language =	 {english},
  author =	 {London, Ralph L.},
  title =	 {Software Reliability through Proving Programs Correct},
  booktitle =	 {Proceedings of the IEEE International Symposium
		  on Fault Tolerant Computing},
  pages =	 {125-129},
  year =	 1971,
  month =	 mar
}

@Book{loomis68:_pythag_propos,
  language =	 {english},
  author =	 {Loomis, Elisha Scott},
  title =	 {The {P}ythagorean Proposition},
  publisher =	 {The National Council of Teachers of Mathematics},
  year =	 1968
}

@Book{lovasz03:_discr_math,
  language =	 {english},
  author =	 {Lov{\'a}sz, L{\'a}zlo and
		  Pelik{\'a}n, J{\'o}zsef and
		  Vsztergombi, Katalin},
  title =	 {Discrete Mathematics: Elementary and Beyond},
  publisher =	 {Springer},
  year =	 2003,
  series =	 {Undergraduate Texts in Mathematics}
}

@Book{lucas91:_theo_nombres,
  language =	 {french},
  author =	 {Lucas, {\'E}douard},
  title =	 {Th{\'e}orie des nombres},
  publisher =	 {Gautier-Villars},
  year =	 1891,
  address =	 {Paris, France}
}

@Article{lueker80:_some_techn_solvin_recur,
  language =	 {english},
  author =	 {Lueker, George S.},
  title =	 {Some Techniques for Solving Recurrences},
  journal =	 {Computing Surveys},
  year =	 1980,
  volume =	 12,
  number =	 4,
  pages =	 {419-436},
  month =	 dec,
  doi =		 {10.1145/356827.356832}
}

@Book{mahajan10:_street_fighting_math,
  language =	 {english},
  author =	 {Mahajan, Sanjoy and
		  O'Donnel, Casey and
		  Feiveson, Harold A. and
		  Glaser, Alexander and
		  Mian, Zia and
		  Hippel, Frank N von},
  title =	 {Street Fighting Mathematics:
		  The Art of Educated Guessing
		  and Opportunistic Problem Solving},
  publisher =	 {MIT Press},
  year =	 2010,
  where =	 {http://mitpress.mit.edu/sites/default/files/titles/content/9780262514293_Creative_Commons_Edition.pdf}
}

@Article{malcolm59:_PERT,
  language =	 {english},
  author =	 {Malcolm, D. G and
		  Rosenboom, J, H. and
		  Clark, C. E. and
		  Fazar, W.},
  title =	 {Applications of a Technique for Research and Development
		  Program Evaluation},
  journal =	 {Operations Research},
  year =	 1959,
  volume =	 7,
  number =	 5,
  pages =	 {646-669}
}

@Book{maor94:_e_story,
  language =	 {english},
  author =	 {Maor, Eli},
  title =	 {\(\mathrm{e}\): The Story of a Number},
  publisher =	 {Princeton University Press},
  year =	 1994
}

@Article{martinez98:_random_binar_searc_trees,
  language =	 {english},
  author =	 {Mart{\'{\i}}nez, Conrado and
		  Roura, Salvador},
  title =	 {Randomized Binary Search Trees},
  journal =	 {Journal of the ACM},
  year =	 1998,
  volume =	 45,
  number =	 2,
  pages =	 {288-323},
  month =	 mar
}

@Article{marx62:_trans_series_stirling,
  language =	 {english},
  author =	 {Marx, Imanuel},
  title =	 {Transformation of Series by a Variant of {S}tirling Numbers},
  journal =	 {The American Mathematical Monthly},
  year =	 1962,
  volume =	 69,
  number =	 6,
  pages =	 {530-532}
}

@Book{matousek08:_invit_discr_mathem,
  language =	 {english},
  author =	 {Matou{\v s}ek, Jir{\'\i} and
		  Ne{\v s}et{\v r}il, Jaroslav},
  title =	 {Invitation to Discrete Mathematics},
  publisher =	 {Oxford University Press},
  year =	 2008,
  edition =	 {Second}
}

@Article{matsuoka64:_Hermite_identity,
  language =	 {english},
  author =	 {Matsuoka, Yoshio},
  title =	 {On a Proof of {H}ermite's Identity},
  journal =	 {The American Mathematical Monthly},
  year =	 1964,
  volume =	 71,
  number =	 10,
  pages =	 1115,
  month =	 dec,
  doi =		 {10.2307/2111413}
}

@Book{maurer05:_discr_algor_mathem,
  language =	 {english},
  author =	 {Maurer, Stephen B. and
		  Ralston, Anthony},
  title = 	 {Discrete Algorithmic Mathematics},
  publisher = 	 {A. K. Peters/CRC Press},
  year = 	 2005,
  edition =	 {Third},
  isbn10 =	 1568811667,
  isbn13 =       {978-1568811666}
}

@Article{mcillroy99:_killer_adver_quicksort,
  language =	 {english},
  author =	 {McIllroy, M. Douglas},
  title =	 {A Killer Adversary for {Q}uicksort},
  journal =	 {Software: Practice and Experience},
  year =	 1999,
  volume =	 29,
  number =	 4,
  pages =	 {341-344},
  month =	 apr,
  doi =		 {10.1002/(SICI)1097-024X(19990410)29:4<341::AID-SPE237>3.3.CO;2-I}
}

@Article{meir89:_asymp_method_enumer,
  language =	 {english},
  author =	 {Meir, Amram and
		  Moon, John W.},
  title =	 {On an Asymptotic Method in Enumeration},
  journal =	 {Journal of Combinatorial Theory, Series A},
  year =	 1989,
  volume =	 51,
  number =	 1,
  pages =	 {77-89},
  month =	 may,
  where =	 {http://www.sciencedirect.com/science/article/pii/0097316589900782#}
}

@Book{menezes96:_handb_applied_crypt,
  language =	 {english},
  author =	 {Menezes, Alfred J. and
		  van Oorschot, Paul C. and
		  Vanstone, Scott A.},
  title =	 {Handbook of Applied Cryptography},
  publisher =	 {CRC Press},
  year =	 1996
}

@Article{merlini06:_lagrange_inversion,
  language =	 {english},
  author =	 {Merlini, Donatella and
		  Sprugnoli, Renzo and
		  Verri, Maria Cecilia},
  title =	 {Lagrange Inversion: When and How},
  journal =	 {Acta Aplicandae Mathematicae},
  year =	 2006,
  volume =	 94,
  number =	 3,
  pages =	 {233-249},
  month =	 dec,
  where =	 {http://www.dsi.unifi.it/~merlini/papers/LagrangeInversion.pdf}
}

@Article{merlini07:_method_coeff,
  language =	 {english},
  author =	 {Merlini, Donatella and
		  Sprugnoli, Renzo and
		  Verri, Maria Cecilia},
  title =	 {The Method of Coefficients},
  journal =	 {The American Mathematical Monthly},
  year =	 2007,
  volume =	 114,
  number =	 1,
  pages =	 {40-57},
  month =	 jan,
  annote =	 {Preprint at \url{http://www.dsi.unifi.it/~merlini/papers/MofC.pdf}}
}

@Book{metzger04:_debugging_thinking,
  language =	 {english},
  author =	 {Metzger, Robert Charles},
  title =	 {Debugging by Thinking: A Multidisciplinary Approach},
  publisher =	 {Elsevier Digital Press},
  year =	 2004
}

@Book{michael09:_how_guard_art_gallery,
  language =	 {english},
  author =	 {Michael, T. S.},
  title =	 {How to Guard an Art Gallery
		  and Other Discrete Mathematical Adventures},
  publisher =	 {The John Hopkins University Press},
  year =	 2009
}

@Article{miller76:_Riemann_hypot_tests_primality,
  language =	 {english},
  author =	 {Miller, Gary L.},
  title =	 {Riemann's Hypothesis and Tests for Primality},
  journal =	 {Journal of Computer and System Sciences},
  year =	 1976,
  volume =	 13,
  number =	 3,
  pages =	 {300-317},
  month =	 dec,
  doi =		 {10.1145/800116.803773}
}

@Article{miller98:_recurs_make_harmful,
  language =	 {english},
  author =	 {Miller, Peter A.},
  title =	 {Recursive \texttt{make} Considered Harmful},
  journal =	 {AUUGN, The Journal of the AUUG Inc.},
  year =	 1998,
  volume =	 19,
  number =	 1,
  pages =	 {14-25},
  month =	 feb,
  where =	 {http://aegis.sourceforge.net/auug97.pdf}
}

@Book{milne-thomson33:_calculus_finite_differences,
  language =	 {english},
  author =	 {Milne-Thomson, Louis Melville},
  title =	 {The Calculus of Finite Differences},
  publisher =	 {Macmillan and Co.},
  year =	 1933
}

@Article{mitchell00:_riccati_solution,
  language =	 {english},
  author =	 {Mitchell, Douglas W.},
  title =	 {An Analytic {R}iccati Solution
		  for Two-Target Discrete-Time Control},
  journal =	 {Journal of Economic Dynamics and Control},
  year =	 2000,
  volume =	 24,
  number =	 4,
  pages =	 {615-622},
  month =	 apr,
  where =	 {http://elmu.umm.ac.id/file.php/1/jurnal/J-a/Journal%20Of%20Economic%20Dynamics%20And%20Control/Vol24.Issue4.Apr2000/1213.pdf}
}

@Article{monier80:_evaluat_compar_two_effic_probab,
  language =	 {english},
  author =	 {Monier, Louis},
  title =	 {Evaluation and Comparison
		  of Two Efficient Probabilistic Primality Testing Algorithms},
  journal =	 {Theoretical Computer Science},
  year =	 1980,
  volume =	 12,
  number =	 1,
  pages =	 {97-108},
  month =	 sep,
  doi =		 {http://dx.doi.org/10.1016/0304-3975(80)90007-9}
}

@Book{montmort08:_jeux_hazard,
  language =	 {french},
  author =	 {Montmort, Pierre Renard de},
  title =	 {Essai d'analyse sur les jeux de hazard},
  publisher =	 {Jacque Quillau},
  year =	 1708,
  address =	 {Paris, France}
}

@Book{morrow12:_introd_abstr_algeb,
  language =	 {english},
  author =	 {Morrow, Margaret L.},
  title =	 {Introductory Abstract Algebra},
  publisher =	 {Journal of Inquiry-Based Learning in Mathematics},
  year =	 2012,
  volume =	 26,
  month =	 may,
  where =	 {http://www.jiblm.org/downloads/jiblmjournal/V120326I/V120326I.pdf}
}

@Book{moser04:_introd_theor_number,
  language =	 {english},
  author =	 {Moser, Leo},
  title =	 {An Introduction to the Theory of Numbers},
  publisher =	 {The Trillia Group},
  year =	 2004,
  where =	 {http://www.trillia.com/moser-number.html}
}

@Article{motzkin48:_relat_between_hyper_cross_ratios,
  language =	 {english},
  author =	 {Motzkin, Theodore S.},
  title =	 {Relation Between Hypersurface Cross Ratios,
		  and a Formula for Partitions of a Polygon,
		  for Permanent Preponderance,
		  and for Non-Associative Products},
  journal =	 {Bulletin of the American Mathematical Society},
  year =	 1948,
  volume =	 54,
  number =	 4,
  pages =	 {352-360},
  month =	 apr,
  doi =		 {10.1090/S0002-9904-1948-09002-4},
  where =	 {http://www.ams.org/journals/bull/1948-54-04/S0002-9904-1948-09002-4/S0002-9904-1948-09002-4.pdf}
}

@Article{musser97:_introsort,
  language =	 {english},
  author =	 {Musser, David},
  title =	 {Introspective Sorting and Selection Algorithms},
  journal =	 {Software: Practice and Experience},
  year =	 1997,
  volume =	 27,
  number =	 8,
  pages =	 {983-993},
  month =	 aug,
  where =	 {http://www.cs.rpi.edu/~musser/gp/introsort.ps}
}

@Book{nahin10:_imaginary_tale,
  language =	 {english},
  author =	 {Nahin, Paul J.},
  title =	 {An Imaginary Tale: The Story of \(\sqrt{-1}\)},
  publisher =	 {Princeton University Press},
  year =	 2010
}

@Book{nahin11:_dr_euler,
  language =	 {english},
  author =	 {Nahin, Paul J.},
  title =	 {Dr.\ {E}uler's Fabulous Formula
		  Cures Many Mathematical Ills},
  publisher =	 {Princeton University Press},
  year =	 2011
}

@Article{nash00:_dantz_simplex_method_linear_progr,
  language =	 {english},
  author =	 {Nash, John C.},
  title =	 {The ({D}antzig) Simplex Method for Linear Programming},
  journal =	 {Computing in Science and Engineering},
  year =	 2000,
  volume =	 2,
  number =	 1,
  month =	 {January/February},
  pages =	 {29-31},
  doi =		 {10.1109/MCISE.2000.814654}
}

@Article{naur69:_progr_action_clust,
  language =	 {english},
  author =	 {Naur, Peter},
  title =	 {Programming by Action Clusters},
  journal =	 {BIT},
  year =	 1969,
  volume =	 9,
  number =	 3,
  pages =	 {250-258},
  month =	 sep
}

@Book{nijenhuis78:_combin_algor,
  language =	 {english},
  author =	 {Nijenhuis, Albert and
		  Wilf, Herbert S.},
  title =	 {Combinatorial Algorithms},
  publisher =	 {Academic Press},
  year =	 1978,
  edition =	 {Second},
  where =	 {http://www.math.upenn.edu/%7Ewilf/website/CombAlgDownld.html}
}

@Book{nipkow02:_isabelle_hol,
  language =	 {english},
  author =	 {Nipkow, Tobias and
		  Paulson, Lawrence C. and
		  Wenzel, Markus},
  title =	 {Isabelle/{HOL} --- A Proof Assistant for Higher-Order Logic},
  publisher =	 {Springer},
  series =	 {LNCS},
  volume =	 2283,
  year =	 2002
}

@Article{niven47:_simple_proof_pi_irrat,
  language =	 {english},
  author =	 {Niven, Ivan},
  title =	 {A Simple Proof that $\pi$ is Irrational},
  journal =	 {Bulletin of the American Mathematical Society},
  year =	 1947,
  volume =	 53,
  number =	 6,
  pages =	 509,
  month =	 jun,
  where =	 {http://projecteuclid.org/DPubS/Repository/1.0/Disseminate?handle=euclid.bams/1183510788&view=body&content-type=pdf_1}
}

@Article{niven69:_formal_power_series,
  language =	 {english},
  author =	 {Niven, Ivan},
  title =	 {Formal Power Series},
  journal =	 {The American Mathematical Monthly},
  year =	 1969,
  volume =	 76,
  number =	 8,
  pages =	 {871-889},
  month =	 oct,
  where =	 {http://www.jstor.org/stable/2317940?origin=JSTOR-pdf}
}

@Book{niven75:_math_choice,
  language =	 {english},
  author =	 {Niven, Ivan M.},
  title =	 {Mathematics of Choice: How to Count Without Counting},
  publisher =	 {Mathematical Association of America},
  year =	 1975,
  number =	 15,
  series =	 {New Mathematical Library}
}

@Book{nolan00:_stat_labs,
  language =	 {english},
  author =	 {Nolan, Deborah and
		  Speed, Terry},
  title =	 {Stat {L}abs:
		  Mathematical Statistics Through Applicactions},
  publisher =	 {Springer},
  year =	 2000,
  series =	 {Springer Texts in Statistics}
}

@Article{noonan99:_goulden_jackson_cluster_method,
  language =	 {english},
  author =	 {Noonan, John and
		  Zeilberger, Doron},
  title =	 {The {G}oulden-{J}ackson Cluster Method:
		  Extensions, Applications, and Implementations},
  journal =	 {Journal of Difference Equations and Applications},
  year =	 1999,
  volume =	 5,
  number =	 {4-5},
  pages =	 {355-377},
  where =	 {http://www.math.rutgers.edu/~zeilberg/mamarim/mamarimhtml/gj.html}
}

@Article{nymann72:_prob_positive_integ_relat_prime,
  language =	 {english},
  author =	 {Nymann, J. E.},
  title =	 {On the Probability that \(k\) Positive Integers
		  are Relatively Prime},
  journal =	 {Journal of Number Theory},
  year =	 1972,
  volume =	 4,
  number =	 5,
  pages =	 {469-473},
  month =	 oct
}

@Article{odlyzko82:_period_oscil_coeff_power_series,
  language =	 {english},
  author =	 {Odlyzko, Andrew M.},
  title =	 {Periodic Oscillations of Coefficients of Power Series
		  That Satisfy Functional Equations},
  journal =	 {Advances in Mathematics},
  year =	 1982,
  volume =	 44,
  number =	 2,
  pages =	 {180-205},
  month =	 may,
  where =	 {http://www.sciencedirect.com/science/article/pii/0001870882900056/pdf?md5=b0a3246e6fd93cbc81a07b5e8a14757c&pid=1-s2.0-0001870882900056-main.pdf}
}

@InCollection{odlyzko85:_enum_strings,
  language =	 {english},
  author =	 {Odlyzko, Andrew M.},
  title =	 {Enumeration of Strings},
  booktitle =	 {Combinatorial Algorithms on Words},
  pages =	 {205-228},
  publisher =	 {Springer},
  year =	 1985,
  editor =	 {Apostolico, A. and Galil, Z.},
  volume =	 12,
  series =	 {NATO Advance Science Institute Series,
		  Series F: Computer and System Sciences},
  where =	 {http://www.dtc.umn.edu/~odlyzko/doc/arch/string.enumerate.pdf}
}

@Article{odlyzko88:_coins_fountain,
  language =	 {english},
  author =	 {Odlyzko, Andrew M. and
		  Wilf, Herbert S.},
  title =	 {The Editor's Corner:
		  \(n\) Coins in a Fountain},
  journal =	 {The American Mathematical Monthly},
  year =	 1988,
  volume =	 95,
  number =	 9,
  pages =	 {840-843},
  month =	 nov,
  where =	 {http://www.math.upenn.edu/~wilf/website/Coins%20in%20a%20fountain.pdf}
}

@InCollection{odlyzko95:_asympt_enum_method,
  language =	 {english},
  author =	 {Odlyzko, Andrew M.},
  title =	 {Asymptotic Enumeration Methods},
  booktitle =	 {Handbook of Combinatorics},
  pages =	 {1063-1229},
  publisher =	 {Elsevier},
  year =	 1995,
  editor =	 {Graham, R. L. and
		  Gr{\"o}schel, M. and
		  Lov{\'a}sz, L.},
  volume =	 2,
  where =	 {http://www.dtc.umn.edu/~odlyzko/doc/asymptotic.enum.pdf}
}

@Article{odlyzko96:_analy_method_asymp_enumer,
  language =	 {english},
  author =	 {Odlyzko, Andrew M.},
  title =	 {Analytic Methods in Asymptotic Enumeration},
  journal =	 {Discrete Mathematics},
  year =	 1996,
  volume =	 153,
  number =	 {1-3},
  pages =	 {229-238},
  month =	 jun,
  where =	 {http://www.dtc.umn.edu/~odlyzko/doc/analytic.enum.pdf}
}

@Book{ore48:_number_theor_histor,
  language =	 {english},
  author =	 {Ore, {\O}ystein},
  title =	 {Number Theory and its History},
  publisher =	 {McGraw Hill},
  year =	 1948
}

@Book{ore69:_invit_number_theo,
  language =	 {english},
  author =	 {Ore, {\O}ystein},
  title =	 {Invitation to Number Theory},
  publisher =	 {Mathematical Association of America},
  year =	 1969,
  number =	 20,
  series =	 {New Mathematical Library}
}

@Book{ore90:_graph_uses,
  language =	 {english},
  author =	 {Ore, {\O}ystein},
  title =	 {Graphs and their Uses},
  publisher =	 {Mathematical Association of America},
  year =	 1990,
  number =	 10,
  series =	 {New Mathematical Library},
  edition =	 {Revised}
}

@Article{padua00:_fortran_1_compiler,
  language =	 {english},
  author =	 {Padua, David},
  title =	 {The {FORTRAN} {I} Compiler},
  journal =	 {Computing in Science and Engineering},
  year =	 2000,
  volume =	 2,
  number =	 1,
  month =	 {January/February},
  pages =	 {70-75},
  doi =		 {10.1109/MCISE.2000.814661}
}

@Book{parberry94:_probl_algor,
  language =	 {english},
  author =	 {Parberry, Ian},
  title =	 {Problems on Algorithms},
  publisher =	 {Prentice-Hall},
  year =	 1994
}

@Article{parlett00:_qr_algor,
  language =	 {english},
  author =	 {Parlett, Beresford N.},
  title =	 {The {QR} Algorithm},
  journal =	 {Computing in Science and Engineering},
  year =	 2000,
  volume =	 2,
  number =	 1,
  month =	 {January/February},
  pages =	 {38-42},
  doi =		 {10.1109/MCISE.2000.814656}
}

@Article{pemantle08:_multivariate,
  language =	 {english},
  author =	 {Pemantle, Robin and
		  Wilson, Mark C.},
  title =	 {Twenty Examples of Asymptotics
		  Derived from Multivariate Generating Functions},
  journal =	 {SIAM Review},
  year =	 2008,
  volume =	 50,
  number =	 2,
  pages =	 {199-272},
  where =	 {http://www.math.upenn.edu/~pemantle/papers/twenty.pdf},
  doi =		 {10.1137/050643866}
}

@Book{pemantle13:_anal_comb_several_variab,
  language =	 {english},
  author =	 {Pemantle, Robin and
		  Wilson, Mark C.},
  title =	 {Analytic Combinatorics in Several Variables},
  publisher =	 {Cambridge University Press},
  year =	 2013,
  number =	 140,
  series =	 {Cambridge Studies in Advanced Mathematics},
  where =	 {http://hans.math.upenn.edu/~pemantle/ACSV.pdf (preview)}
}

@InProceedings{pengelly03:_dances_between_contin_discr,
  language =	 {english},
  author =	 {Pengelly, David J.},
  title =	 {Dances Between Continuous and Discrete:
		 {E}uler's Summation Formula},
  booktitle =	 {Proceedings of the Euler 2K+2 Conference},
  year =	 2003,
  editor =	 {Robert Bradley and
		  Ed Sandifer},
  publisher =	 {Euler Society},
  where =	 {http://www.math.nmsu.edu/~davidp/euler2k2.pdf}
}

@Article{petersen98:_sur_tait,
  language =	 {french},
  author =	 {Petersen, Julius},
  title =	 {Sur le Th{\'e}or{\`e}me de {T}ait},
  journal =	 {L'Interm{\'e}diaire des Math{\'e}maticiens},
  year =	 1898,
  volume =	 5,
  pages =	 {225-227}
}

@Article{peterson61:_CRC,
  language =	 {english},
  author =	 {Peterson, W. W. and
		  Brown, D. T.},
  title =	 {Cyclic Codes for Error Detection},
  journal =	 {Proceedings of the IRE},
  year =	 1961,
  key =		 1961,
  volume =	 49,
  number =	 1,
  pages =	 {228-235},
  month =	 jan,
  doi =		 {10.1109/JRPROC.1961.287814}
}

@TechReport{petko02:_combin_lah_stirling,
  language =	 {english},
  author =	 {Petkov{\v s}ek, Marko and
		  Pisanski, Toma{\v z}},
  title =	 {Combinatorial Interpretation of Unsigned {S}tirling
		  and {L}ah Numbers},
  institution =	 {IMFM/TCS, University of Ljubljana},
  year =	 2002,
  number =	 837,
  month =	 nov,
  where =	 {http://www.imfm.si/preprinti/PDF/00837.pdf}
}

@Book{petkovsek96:_AeqB,
  language =	 {english},
  author =	 {Petkov{\v s}ek, Marko and
		  Wilf, Herbert S. and
		  Zeilberger, Doron},
  title =	 {{\noopsort{AeqB}}\(A = B\)},
  publisher =	 {A K Peters/CRC Press},
  year =	 1996,
  where =	 {http://www.math.upenn.edu/~wilf/AeqB.html}
}

@Article{picard79:_sur_propr_fonct_entier,
  language =	 {french},
  author =	 {Picard, Charles {\'E}mile},
  title =	 {Sur une Propri{\'e}t{\'e} des Fonctions Enti{\`e}res},
  journal =	 {Comptes Rendus hebdomadaires des s{\'e}ances
		  de l'Acad{\'e}mie des sciences},
  year =	 1879,
  volume =	 88,
  pages =	 {1024-1027}
}

@Book{pinter10:_book_abstr_algeb,
  language =	 {english},
  author =	 {Pinter, Charles C.},
  title =	 {A Book of Abstract Algebra},
  publisher =	 {Dover Publications, Inc.},
  year =	 2010,
  edition =	 {Second}
}

@TechReport{pitman02:_combin_stoch_proces,
  language =	 {english},
  author =	 {Pitman, Jim},
  title =	 {Combinatorial Stochastic Processes},
  institution =	 {Department of Statistics,
		  University of California, Berkeley},
  year =	 2002,
  number =	 621,
  month =	 aug,
  where =	 {http://statistics.berkeley.edu/sites/default/files/tech-reports/621.pdf}
}

@Book{poisson37:_probab,
  language =	 {french},
  author =	 {Poisson, Sim{\'e}on Denis},
  title =	 {Probabilit{\'e} des jugements
		  en mati{\`e}re criminelle en en mati{\`e}re civile,
		  pr{\'e}c{\'e}d{\'e}es des r{\`e}gles g{\'e}n{\'e}rales
		  du calcul des probabilit{\'e}s},
  publisher =	 {Bachelier},
  year =	 1837,
  address =	 {Paris, France}
}

@Article{pollard74:_thms_factor_prime_testing,
  language =	 {english},
  author =	 {Pollard, J. M.},
  title =	 {Theorems of Factorization and Primality Testing},
  journal =	 {Proceedings of the Cambridge Philosophical Society},
  year =	 1974,
  volume =	 76,
  number =	 3,
  pages =	 {521-528},
  doi =		 {10.1017/S0305004100049252}
}

@Article{pollard75:_rho_factorization,
  language =	 {english},
  author =	 {Pollard, J. M.},
  title =	 {A {M}onte {C}arlo Method for Factorization},
  journal =	 {BIT Numerical Mathematics},
  year =	 1975,
  volume =	 15,
  number =	 3,
  pages =	 {331-334},
  month =	 sep
}

@Book{polya10:_notes_introd_combin,
  language =	 {english},
  author =	 {P{\'o}lya, George and
		  Tarjan, Robert E. and
		  Woods, Donald R.},
  title =	 {Notes on Introductory Combinatorics},
  publisher =	 {Birkh{\"a}user},
  year =	 2010,
  series =	 {Modern Birkh{\"a}user Classics}
}

@Article{polya37:_kombin_anzah_grupp_graph_verbin,
  language =	 {german},
  author =	 {P{\'o}lya, George},
  title =	 {Kombinatorische {A}nzahlbestimmungen f{\"u}r {G}ruppen,
		  {G}raphen und chemische {V}erbindungen},
  journal =	 {Acta Mathematica},
  year =	 1937,
  volume =	 68,
  number =	 1,
  month =	 dec,
  pages =	 {145-254},
  doi =		 {10.1007/BF02546665}
}

@Book{polya45:_how_to_solve_it,
  language =	 {english},
  author =	 {P{\'o}lya, George},
  title =	 {How to Solve It},
  publisher =	 {Princeton University Press},
  year =	 1945
}

@Article{polya56:_picture_writing,
  language =	 {english},
  author =	 {P{\'o}lya, George},
  title =	 {On Picture-Writing},
  journal =	 {The American Mathematical Monthly},
  year =	 1956,
  volume =	 63,
  number =	 10,
  pages =	 {689-697},
  month =	 dec,
  where =	 {http://www.computing-wisdom.com/jstor/picture-writing.pdf}
}

@Book{polya71:_aufgab_lehrs_analy_I,
  language =	 {german},
  author =	 {P{\'o}lya, George and
		  Szeg{\"o}, Gabor},
  title =	 {Aufgaben und {L}ehrs{\"a}tze aus der {A}nalysis:
		  {R}eihen - {I}ntegralrechnung - {F}unktionentheorie},
  publisher =	 {Springer},
  year =	 1970,
  volume =	 {I},
  series =	 {Heidelberger Taschenb{\"u}cher},
  edition =	 {Vierte}
}

@Book{polya71:_aufgab_lehrs_analy_II,
  language =	 {german},
  author =	 {P{\'o}lya, George and
		  Szeg{\"o}, Gabor},
  title =	 {Aufgaben und {L}ehrs{\"a}tze aus der {A}nalysis:
		  {F}unktionentheorie - {N}ullstellen - {P}olynome -
		  {D}eterminanten - {Z}ahlentheorie},
  publisher =	 {Springer},
  year =	 1971,
  volume =	 {II},
  series =	 {Heidelberger Taschenb{\"u}cher},
  edition =	 {Vierte}
}

@Book{polya74:_complex_variables,
  language =	 {english},
  author =	 {P{\'o}lya, George and
		  Latta, Gordon},
  title =	 {Complex Variables},
  publisher =	 {John Wiley \& Sons},
  year =	 1974
}

@Book{polya74:_stanford_math_probl_book,
  language =	 {english},
  author =	 {P{\'o}lya, George and
		  Kilpatrick, Jeremy},
  title =	 {The {S}tanford Mathematics Problem Book},
  publisher =	 {Teachers College Press},
  year =	 1974
}

@Book{polya83:_notes_introd_combin,
  language =	 {english},
  author =	 {P{\'o}lya, George and
		  Tarjan, Robert E. and
		  Woods, Donald R.},
  title =	 {Notes on Introductory Combinatorics},
  publisher =	 {Birkh{\"a}user},
  year =	 1983,
  volume =	 4,
  series =	 {Progress in Computer Science}
}

@Book{polya87:_combin_enumer_group_graph_chemic_compoun,
  language =	 {english},
  author =	 {P{\'o}lya, George and
		  Read, Ronald C.},
  title =	 {Combinatorial Enumeration of Groups, Graphs,
		  and Chemical Compounds},
  publisher =	 {Springer},
  year =	 1987,
  isbn10 =	 {0-387-96413-4}
}

@Book{polya97:_probl_theor_analy_I,
  language =	 {english},
  author =	 {P{\'o}lya, George and
		  Szeg{\"o}, Gabor},
  title =	 {Problems and Theorems in Analysis:
		  Series, Integral Calculus, Theory of Functions},
  publisher =	 {Springer},
  year =	 {\noopsort{1997a}1997},
  volume =	 {I}
}

@Book{polya97:_probl_theor_analy_II,
  language =	 {english},
  author =	 {P{\'o}lya, George and
		  Szeg{\"o}, Gabor},
  title =	 {Problems and Theorems in Analysis:
		  Theory of Functions, Zeros, Polynomials, Determinants,
		  Number Theory, Geometry},
  publisher =	 {Springer},
  year =	 {\noopsort{1997b}1997},
  volume =	 {II}
}

@Article{pommerance96:_tale_two_sieves,
  language =	 {english},
  author =	 {Pommerance, Carl},
  title =	 {A Tale of Two Sieves},
  journal =	 {Notices of the AMS},
  year =	 1996,
  volume =	 43,
  number =	 12,
  pages =	 {1473-1485},
  month =	 dec,
  where =	 {http://www.ams.org/notices/199612/pomerance.pdf}
}

@Article{popoviciu53:_Frobenius-problem,
  language =	 {romanian},
  author =	 {Popoviciu, Tiberiu},
  title =	 {Asupra Uneu Probleme de Patitie a Numerelor},
  journal =	 {Acad. Republicii Populare Romane,
		  Filiala Cluj,
		  Studi si Cercetari Stiintifice},
  year =	 1953,
  volume =	 4,
  pages =	 {7-58}
}

@Book{posamentier07:_fab_fibonnacci_numbers,
  language =	 {english},
  author =	 {Posamentier, Alfred S. and
		  Lehman, Ingmar},
  title =	 {The (Fabulous) {F}ibonacci Numbers},
  publisher =	 {Prometheus Books},
  year =	 2007,
  address =	 {Amherst, NY, USA}
}

@Book{prasolov04:_polynomials,
  language =	 {english},
  author =	 {Prasolov, Victor V.},
  title =	 {Polynomials},
  publisher =	 {Springer},
  year =	 2004,
  number =	 11,
  series =	 {Algorithms and Computation in Mathematics}
}

@Book{priestley10:_DIY_intro_number_theory,
  language =	 {english},
  author =	 {Priestley, William and
		  Cross, James T.},
  title = 	 {A Do-It-Yourself Introduction to Number Theory},
  publisher = 	 {Journal of Inquiry-Based Learning in Mathematics},
  year = 	 2010,
  volume =	 20,
  month =	 dec,
  where =	 {http://www.jiblm.org/downloads/jiblmjournal/V100420I/V100420I.pdf}
}

@Book{priestley10:_DIY_introd_number_theor,
  language =	 {english},
  author =	 {Priestley, William and
		  Cross, James T.},
  title =	 {A Do-It-Yourself Introduction to Number Theory},
  publisher =	 {Journal of Inquiry-Based Learning in Mathematics},
  year =	 2010,
  volume =	 20,
  month =	 dec,
  where =	 {http://www.jiblm.org/downloads/jiblmjournal/V100420I/V100420I.pdf}
}

@Article{prim57:_short_connection_networks,
  language =	 {english},
  author =	 {Prim, Robert C.},
  title =	 {Shortest Connection Networks and Some Generalizations},
  journal =	 {Bell System Technical Journal},
  year =	 1957,
  volume =	 36,
  number =	 6,
  pages =	 {1389-1401},
  month =	 nov
}

@Article{prodinger94:_old_sum,
  language =	 {english},
  author =	 {Prodinger, Helmut},
  title =	 {Knuth's Old Sum -- A Survey},
  journal =	 {Bulletin of the EATCS},
  year =	 1994,
  volume =	 54,
  pages =	 {232-245},
  month =	 oct,
  where =	 {http://finanz.math.tu-graz.ac.at/~prodinger/abstract/abs_93.htm}
}

@Article{prodinger94:_some_infor_about_binom_trans,
  language =	 {english},
  author =	 {Prodinger, Helmut},
  title =	 {Some Information About the Binomial Transform},
  journal =	 {The Fibonacci Quarterly},
  year =	 1994,
  volume =	 32,
  number =	 5,
  pages =	 {412-415},
  month =	 nov
}

@Article{rabin80:_probab_algor_test_primality,
  language =	 {english},
  author =	 {Rabin, Michael O.},
  title =	 {Probabilistic Algorithm for Testing Primality},
  journal =	 {Journal of Number Theory},
  year =	 1980,
  volume =	 12,
  number =	 1,
  pages =	 {128-138},
  month =	 feb,
  doi =		 {10.1016/0022-314X(80)90084-0}
}

@Book{rademacher66:_enjoy_math,
  language =	 {english},
  author =	 {Rademacher, Hans and
		  Toeplitz, Otto},
  title =	 {The Enjoyment of Mathematics},
  publisher =	 {Princeton University Press},
  year =	 1966,
  edition =	 {Reprint}
}

@Book{ralston12:_first_cours_numer_analy,
  language =	 {english},
  author =	 {Ralston, Anthony and
		  Rabinowitz, Philip},
  title =	 {A First Course in Numerical Analysis},
  publisher =	 {Dover Publications, Inc.},
  year =	 2012,
  edition =	 {Second}
}

@Book{ralston60:_mathem_method_digit_comput_1,
  language =	 {english},
  author =	 {Ralston, Anthony and
		  Wilf, Herbert S.},
  title =	 {Mathematical Methods for Digital Computers},
  publisher =	 {John Wiley \& Sons},
  year =	 1960,
  volume =	 1,
  crossref =	 {ralston60:_mathem_method_digit_comput_2vol}
}

@Book{ralston60:_mathem_method_digit_comput_2,
  language =	 {english},
  author =	 {Ralston, Anthony and
		  Wilf, Herbert S.},
  title =	 {Mathematical Methods for Digital Computers},
  publisher =	 {John Wiley \& Sons},
  year =	 1960,
  volume =	 2,
  crossref =	 {ralston60:_mathem_method_digit_comput_2vol}
}

@Book{ralston60:_mathem_method_digit_comput_2vol,
  language =	 {english},
  author =	 {Ralston, Anthony and
		  Wilf, Herbert S.},
  title =	 {Mathematical Methods for Digital Computers},
  publisher =	 {John Wiley \& Sons},
  year =	 1960,
  volumes =	 2
}

@Article{ralston82:_de_bruij_sequen,
  language =	 {english},
  author =	 {Ralston, Anthony},
  title =	 {De {B}ruijn Sequences
		  -- A Model Example of the Interaction
		  of Discrete Mathematics and Computer Science},
  journal =	 {Mathematics Magazine},
  year =	 1982,
  volume =	 55,
  number =	 3,
  pages =	 {131-143},
  month =	 may,
  doi =		 {10.2307/2690079}
}

@Article{ramanujan19:_proof_postul,
  language =	 {english},
  author =	 {Ramanujan, Srinivasa},
  title =	 {A Proof of {B}ertrand's Postulate},
  journal =	 {Journal of the Indian Mathematical Society},
  year =	 1919,
  volume =	 11,
  pages =	 {181-182}
}

@Article{ramare95:_Schnirelmann_const,
  language =	 {english},
  author =	 {Ramar{\'e}, Olivier},
  title =	 {On {S}'nirel'man's Constant},
  journal =	 {Annali dela Scuola Superiore di Pisa},
  year =	 1995,
  volume =	 21,
  number =	 4,
  pages =	 {645-705},
  where =	 {http://math.univ-lille1.fr/~ramare/Maths/Article.pdf}
}

@Book{ramirez06:_dioph_frobenius_probl,
  language =	 {english},
  author =	 {Ram{\'\i}rez Alfons{\'\i}n, Jorge L.},
  title =	 {The Diophantine {F}robenius Problem},
  publisher =	 {Oxford University Press},
  year =	 2006
}

@Book{rautenberg10:_concis_introd_mathem_logic,
  language =	 {english},
  author =	 {Rautenberg, Wolfgang},
  title =	 {A Concise Introduction to Mathematical Logic},
  publisher =	 {Springer},
  year =	 2010,
  edition =	 {Third},
  where =	 {http://page.mi.fu-berlin.de/raut/logic3/book.htm},
  doi =		 {10.1007/978-1-4419-1221-3}
}

@Article{reingold81:_tidier_drawing_trees,
  language =	 {english},
  author =	 {Reingold, Edward M. and
		  Tilford, John S.},
  title =	 {Tidier Drawing of Trees},
  journal =	 {IEEE Transactions on Software Engineering},
  year =	 1981,
  volume =	 {SE-7},
  number =	 2,
  pages =	 {223-228},
  month =	 mar,
  doi =		 {10.1109/TSE.1981.234519}
}

@Article{renz81:_math_proof,
  language =	 {english},
  author =	 {Renz, Peter L.},
  title =	 {Mathematical Proof: What It Is and What It Ought to Be},
  journal =	 {The College Mathematics Journal},
  year =	 1981,
  volume =	 12,
  number =	 2,
  pages =	 {83-103},
  month =	 mar,
  where =	 {http://mathdl.maa.org/images/upload_library/22/Polya/00494925.di020696.02p0188p.pdf}
}

@Book{richman71:_number_theor,
  language =	 {english},
  author =	 {Richman, Fred},
  title =	 {Number Theory: An Introduction to Algebra},
  publisher =	 {Brooks/Cole Publishing Company},
  year =	 1971
}

@Book{riordan68:_combin_ident,
  language =	 {english},
  author =	 {Riordan, John},
  title =	 {Combinatorial Identities},
  publisher =	 {John Wiley \& Sons},
  year =	 1968
}

@Article{rivest78:_RSA,
  language =	 {english},
  author =	 {Rivest, Ronald L. and
		  Shamir, Adi and
		  Adleman, Leonard},
  title =	 {A Method for Obtaining Digital Signatures and
		  Public-Key Cryptosystems},
  journal =	 {Communications of the ACM},
  year =	 1978,
  volume =	 21,
  number =	 2,
  pages =	 {120-126},
  month =	 feb
}

@Article{rivest83:_RSA,
  language =	 {english},
  author =	 {Rivest, Ronald L. and
		  Shamir, Adi and
		  Adleman, Leonard},
  title =	 {A Method for Obtaining Digital Signatures and
		  Public-Key Cryptosystems},
  journal =	 {Communications of the ACM},
  year =	 1983,
  volume =	 26,
  number =	 1,
  pages =	 {96-99},
  month =	 jan
}

@Article{robertson97:_four_color_theor,
  language =	 {english},
  author =	 {Robertson, Neil and
		  Sanders, Daniel P. and
		  Seymour, Paul D. and
		  Thomas, Robin},
  title =	 {The Four Color Theorem},
  journal =	 {Journal of Combinatorial Theory Series B},
  year =	 1997,
  volume =	 70,
  number =	 1,
  pages =	 {2-44},
  month =	 may,
  where =	 {http://www.sciencedirect.com/science/article/pii/S0095895697917500/pdf?md5=49ef777c891aa9678d4e1e58dfce4212&pid=1-s2.0-S0095895697917500-main.pdf}
}

@Article{rockett81:_sums_inver_binom_coeff,
  language =	 {english},
  author =	 {Rockett, Andrew M.},
  title =	 {Sums of the Inverses of Binomial Coefficients},
  journal =	 {Fibonacci Quarterly},
  year =	 1981,
  volume =	 19,
  number =	 5,
  pages =	 {433-437},
  month =	 dec,
  where =	 {http://www.fq.math.ca/Scanned/19-5/rockett.pdf}
}

@Article{rockmore00:_fft,
  language =	 {english},
  author =	 {Rockmore, Daniel N.},
  title =	 {The {FFT}: An Algorithm the Whole Family Can Use},
  journal =	 {Computing in Science and Engineering},
  year =	 2000,
  volume =	 2,
  number =	 1,
  month =	 {January/February},
  pages =	 {60-64},
  doi =		 {10.1109/MCISE.2000.814659}
}

@Article{rogers71:_axiom_euclidean_domain,
  language =	 {english},
  author =	 {Rogers, Kenneth},
  title =	 {The Axioms for {E}uclidean Domains},
  journal =	 {The American Mathematical Monthly},
  year =	 1971,
  volume =	 78,
  number =	 10,
  pages =	 {1127-1128},
  month =	 dec
}

@Article{roman78:_umbral_calculus,
  language =	 {english},
  author =	 {Roman, Steven M. and
		  Rota, Gian-Carlo},
  title =	 {The Umbral Calculus},
  journal =	 {Advances in Mathematics},
  year =	 1978,
  volume =	 27,
  number =	 2,
  pages =	 {95-188},
  month =	 feb,
  doi =		 {10.1016/0001-8708(78)90087-7}
}

@Book{rosen05:_discr_math_applic,
  language =	 {english},
  author =	 {Rosen, Kenneth H.},
  title =	 {Discrete Mathematics and its Applications},
  publisher =	 {McGraw-Hill},
  year =	 2005,
  edition =	 {Seventh},
  where =	 {http://en.tjcities.com/wp-content/uploads/Books/DM7.pdf}
}

@Book{rosen10:_elemen_number_theory,
  language =	 {english},
  author =	 {Rosen, Kenneth H.},
  title =	 {Elementary Number Theory},
  publisher =	 {Pearson},
  year =	 2010,
  edition =	 {Sixth}
}

@Book{ross05:_first_cours_probab,
  language =	 {english},
  author =	 {Ross, Sheldon},
  title =	 {A First Course in Probability},
  publisher =	 {Prentice Hall},
  year =	 2005,
  edition =	 {Seventh},
  month =	 may
}

@Article{roura01:_improv_master_theor_divid_conquer_recur,
  language =	 {english},
  author =	 {Roura, Salvador},
  title =	 {Improved Master Theorems for Divide-and-Conquer Recurrences},
  journal =	 {Journal of the ACM},
  year =	 2001,
  volume =	 48,
  number =	 2,
  pages =	 {170-205},
  month =	 mar
}

@InProceedings{roura97:_improv_master_theor_divid_conquer_recur,
  language =	 {english},
  author =	 {Roura, Salvador},
  title =	 {An Improved Master Theorem
		  for Divide-and-Conquer Recurrences},
  booktitle =	 {International Colloquium
		  on Automata, Languages and Programming},
  pages =	 {449-459},
  year =	 1997,
  editor =	 {Degano, Pierpaolo and
		  Gorrieri, Roberto and
		  Marchetti-Spaccamela, Alberto},
  volume =	 24,
  month =	 jul,
  doi =		 {dx.doi.org/10.1007/3-540-63165-8_201}
}

@Article{rusu08:_grid_drawin_binar_trees,
  language =	 {english},
  author =	 {Rusu, Adrian and
		  Santiago, Confesor},
  title =	 {Grid Drawing of Binary Trees: An Experimental Study},
  journal =	 {Journal of Graph Algorithms and Applications},
  year =	 2008,
  volume =	 12,
  number =	 2,
  pages =	 {131-195},
  where =	 {http://jgaa.info/accepted/2008/RusuSantiago2008.12.2.pdf}
}

@InCollection{rusu13:_tree_drawing_algorithms,
  language =	 {english},
  author =	 {Rusu, Adrian},
  title =	 {Tree Drawing Algorithms},
  booktitle =	 {Handbook of Graph Drawing and Visualization},
  pages =	 {155-192},
  publisher =	 {CRC Press},
  year =	 2013,
  editor =	 {Tamassia, Roberto},
  chapter =	 5,
  where =	 {http://cs.brown.edu/~rt/gdhandbook/}
}

@Book{ryser63:_combin_mathem,
  language =	 {english},
  author =	 {Ryser, Herbert John},
  title =	 {Combinatorial Mathematics},
  publisher =	 {Mathematical Association of America},
  year =	 1963
}

@Book{saks52:_analytic_functions,
  language =	 {english},
  author =	 {Saks, Stanis{\l}aw and
		  Zygmund, Antoni},
  title =	 {Analytic Functions},
  publisher =	 {Instytut Matematyczny Polskiej Akademi Nauk
		  (Warszawa-Wroclaw)},
  year =	 1952,
  where =	 {http://pldml.icm.edu.pl/pldml/details/contents.action?id=bwmeta1.element.dl-catalog-227b438e-01df-4660-b08b-b7b10ded45cf}
}

@Article{salah06:_mathem_attac_rsa_crypt,
  language =	 {english},
  author =	 {Salah, Imad Khaled and
		  Darwish, Abdullah and
		  Oqeili, Saleh},
  title =	 {Mathematical Attacks on the {RSA} Cryptosystem},
  journal =	 {Journal of Computer Science},
  year =	 2006,
  volume =	 2,
  number =	 8,
  pages =	 {665-671},
  month =	 aug,
  where =	 {http://www.thescipub.com/pdf/10.3844/jcssp.2006.665.671}
}

@Article{samuel71:_about_euclidean_rings,
  language =	 {english},
  author =	 {Samuel, Pierre},
  title =	 {About {E}uclidean Rings},
  journal =	 {Journal of Algebra},
  year =	 1971,
  volume =	 19,
  number =	 2,
  pages =	 {282-301},
  month =	 oct,
  where =	 {http://www.math.uga.edu/~pete/Samuel-Euclidean.pdf}
}

@Book{savant97:_power_logic_thinking,
  language =	 {english},
  author =	 {Savant, Marilyn vos},
  title = 	 {The Power of Logical Thinking:
		  Easy Lessons in the Art of Reasoning\ldots
		  and Hard Facts About Its Absence in Our Lives},
  publisher = 	 {St. Martin's Griffin},
  year = 	 1997
}

@Book{schneier96:_applied_crypt,
  language =	 {english},
  author =	 {Schneier, Bruce},
  title =	 {Applied Cryptography},
  publisher =	 {John Wiley \& Sons},
  year =	 1996
}

@Article{schoehage71:_schnel_multip_zahlen,
  language =	 {german},
  author =	 {Sch{\"o}nhage, Arnold and
		  Strassen, Volker},
  title =	 {Schnelle {M}ultiplikation gro{\ss}er {Z}ahlen},
  journal =	 {Computing},
  year =	 1971,
  volume =	 7,
  number =	 {3-4},
  pages =	 {281-292},
  month =	 sep
}

@Article{schoof95:_count_point_ellip_curves_finit_field,
  language =	 {english},
  author =	 {Schoof, Ren{\'e}},
  title =	 {Counting Points on Elliptic Curves over Finite Fields},
  journal =	 {Journal de Th{\'e}orie des Nombres de Bordeaux},
  year =	 1995,
  volume =	 7,
  pages =	 {219-254},
  where =	 {http://archive.numdam.org/ARCHIVE/JTNB/JTNB_1995__7_1/JTNB_1995__7_1_219_0/JTNB_1995__7_1_219_0.pdf}
}

@Article{schroeder70:_vier_probleme,
  language =	 {german},
  author =	 {Schr{\"o}der, Ernst},
  title =	 {Vier combinatorische {P}robleme},
  journal =	 {Zeitschrift f{\"u}r Angewandte Mathematik und Physik},
  year =	 1870,
  volume =	 15,
  pages =	 {361-376}
}

@Book{sedgewick11:_algorithms,
  language =	 {english},
  author =	 {Sedgewick, Robert and
		  Wayne, Kevin},
  title =	 {Algorithms},
  publisher =	 {Addison-Wesley},
  year =	 2011,
  edition =	 {Fourth}
}

@Book{sedgewick13:_introd_anal_algor,
  language =	 {english},
  author =	 {Sedgewick, Robert and
		  Flajolet, Philipe},
  title =	 {An Introduction to the Analysis of Algorithms},
  publisher =	 {Addison-Wesley},
  edition =	 {Second},
  year =	 2013
}

@Article{sedgewick77:_quicksort_equal_keys,
  language =	 {english},
  author =	 {Sedgewick, Robert},
  title =	 {Quicksort with Equal Keys},
  journal =	 {SIAM Journal of Computing},
  year =	 1977,
  volume =	 6,
  number =	 2,
  pages =	 {240-267},
  month =	 jun,
  doi =		 {10.1137/0206018},
  where =	 {https://www.cs.auckland.ac.nz/~mcw/Teaching/refs/sorting/quicksort-equal-keys.pdf}
}

@Book{sedgewick96:_introd_anal_algor,
  language =	 {english},
  author =	 {Sedgewick, Robert and
		  Flajolet, Philipe},
  title =	 {An Introduction to the Analysis of Algorithms},
  publisher =	 {Addison-Wesley},
  year =	 1996
}

@Article{seidel96:_random_search_trees,
  language =	 {english},
  author =	 {Seidel, Raimund G. and
		  Aragon, Cecilia A.},
  title =	 {Randomized Search Trees},
  journal =	 {Algorithmica},
  year =	 1996,
  volume =	 16,
  number =	 {4/5},
  pages =	 {464-497},
  month =	 oct
}

@Article{sertoz98:_Frobenius-problem,
  language =	 {english},
  author =	 {Sert{\" o}z, Sinan},
  title =	 {On the Number of Solutions
		  of a Diophantine Equation of {F}robenius},
  journal =	 {Discrete Mathematics and Applications},
  year =	 1998,
  volume =	 8,
  number =	 2,
  pages =	 {153-162},
  month =	 jan,
  where =	 {http://www.bilkent.edu.tr/~sertoz/papers/froben.pdf}
}

@Article{sethi70:_gener_optim_code_arith_expres,
  language =	 {english},
  author =	 {Sethi, Ravi and
		  Ullman, Jeffrey D.},
  title =	 {The Generation of Optimal Code for Arithmetic Expressions},
  journal =	 {Journal of the ACM},
  year =	 1970,
  volume =	 17,
  number =	 4,
  pages =	 {715-728},
  month =	 oct
}

@Article{shang00:_strategies_fvtd_multicomputers,
  language =	 {english},
  author =	 {Shang, J. S. and
		  Wagner, Marcus and
		  Pan, Yi and
		  Blake, Douglas C.},
  title =	 {Strategies for Adopting {FVTD} on Multicomputers},
  journal =	 {Computing in Science and Engineering},
  year =	 2000,
  volume =	 2,
  number =	 1,
  month =	 {January/February},
  pages =	 {10-21},
  doi =		 {10.1109/MCISE.2000.814651}
}

@Book{shklyarsky79:_selec_probl_theo_elem_math,
  language =	 {english},
  author =	 {Shklyarsky, D. O. and
		  Chentsov, N. N. and
		  Yaglom, Isaak M.},
  title =	 {Selected Problems and Theorems in Elementary Mathematics},
  publisher =	 {Mir Publishers},
  year =	 1979
}

@Book{shoup09:_comput_introd_number_theor_algeb,
  language =	 {english},
  author =	 {Shoup, Victor},
  title =	 {A Computational Introduction to Number Theory and
		  Algebra},
  publisher =	 {Cambridge University Press},
  year =	 2009,
  edition =	 {Second},
  where =	 {http://www.shoup.net/ntb}
}

@Book{sierpinski64:_elemen_theor_number,
  language =	 {english},
  author =	 {Sierpi{\'n}ski, Wac{\l}aw},
  title =	 {Elementary Theory of Numbers},
  publisher =	 {Instytut Matematyczny Polskiej Akademii Nauk},
  year =	 1964,
  series =	 {Monografie Matematyczne},
  where =	 {http://pldml.icm.edu.pl/pldml/details/contents.action?id=bwmeta1.element.dl-catalog-556369c7-b6cc-4a5b-be36-bfc8e0ca7cfa}
}

@Article{singh97:_dividing_coconuts,
  language =	 {english},
  author =	 {Singh, Sahib},
  title =	 {On Dividing Coconuts:
		  A Linear Diophantine Problem},
  journal =	 {College Mathematics Journal},
  year =	 1997,
  volume =	 28,
  number =	 3,
  pages =	 {203-204},
  month =	 may,
  where =	 {http://www.maa.org/sites/default/files/0746834213463.di020777.02p0318j.pdf}
}

@Book{sinkov09:_elemen_crypt,
  language =	 {english},
  author =	 {Sinkov, Abraham},
  title =	 {Elementay Cryptanalysis: A Mathematical Approach},
  publisher =	 {Mathematical Association of America},
  year =	 2009,
  number =	 22,
  series =	 {New Mathematical Library},
  edition =	 {Second}
}

@Book{sipser05:_introd_theor_comput,
  language =	 {english},
  author =	 {Sipser, Michael},
  title =	 {Introduction to the Theory of Computation},
  publisher =	 {Course Technology},
  year =	 2005,
  edition =	 {Second}
}

@Book{skiena08:_algor_desig_manual,
  language =	 {english},
  author =	 {Skiena, Steven S.},
  title =	 {The Algorithm Design Manual},
  publisher =	 {Springer},
  year =	 2008,
  edition =	 {Second}
}

@Book{slomson91:_introd_combin,
  language =	 {english},
  author =	 {Slomson, Alan},
  title = 	 {An Introduction to Combinatorics},
  publisher = 	 {Chapman and Hall},
  year = 	 1991
}

@Book{smith11:_trans_advan_mathem,
  language =	 {english},
  author =	 {Smith, Douglas and
		  Eggen, Maurice and
		  St. Andre, Richard},
  title =	 {A Transition to Advanced Mathematics},
  publisher =	 {Brooks/Cole},
  year =	 2011,
  edition =	 {Seventh}
}

@Article{solovay77:_fast_monte_carlo_test_primal,
  language =	 {english},
  author =	 {Solovay, Robert M. and
		  Strassen, Volker},
  title =	 {A Fast {M}onte-{C}arlo Test for Primality},
  journal =	 {SIAM Journal of Computing},
  year =	 1977,
  volume =	 6,
  number =	 1,
  pages =	 {84-85},
  doi =		 {10.1137/0206006}
}

@Article{solovev66:_combin_ident_its_applic_probl,
  language =	 {english},
  author =	 {Solov'ev, A. D.},
  title =	 {A Combinatorial Identity and Its Application
		  to the Problem Concerning the First Occurence
		  of a Rare Event},
  journal =	 {Theory of Probability and Its Applications},
  year =	 1966,
  volume =	 11,
  number =	 2,
  pages =	 {276-282},
  doi =		 {10.1137/1111022}
}

@Book{sominskii61:_method_mathem_induc,
  language =	 {english},
  author =	 {Sominskii, I. S.},
  title =	 {The Method of Mathematical Induction},
  publisher =	 {Blaisdell Publishing Co.},
  year =	 1961,
  volume =	 1,
  series =	 {Popular Lectures in Mathematics},
  where =	 {http://mirtitles.org/2012/01/05/little-mathematics-library-the-method-of-mathematical-induction/}
}

@Book{spindler09:_1st_course_complex,
  language =	 {english},
  author =	 {Spindler, Richard},
  title =	 {A First Course in Undergraduate Complex Analysis},
  publisher =	 {Journal of Inquiry-Based Learning in Mathematics},
  year =	 2009,
  volume =	 15,
  month =	 oct,
  where =	 {http://www.jiblm.org/downloads/dlitem.aspx?id=72&category=jiblmjournal}
}

@Book{spivak08:_calculus,
  language =	 {english},
  author =	 {Spivak, Michael},
  title =	 {Calculus},
  publisher =	 {Publish or Perish},
  year =	 2008,
  edition =	 {Fourth}
}

@Book{stallings10:_data_comput_commun,
  language =	 {english},
  author =	 {Stallings, William},
  title =	 {Data and Computer Communications},
  publisher =	 {Prentice-Hall},
  year =	 2010,
  edition =	 {Ninth}
}

@Book{stanley12:_enumer_combin-1,
  language =	 {english},
  author =	 {Stanley, Richard P.},
  title =	 {Enumerative Combinatorics},
  publisher =	 {Cambridge University Press},
  year =	 {\noopsort{2012a}2012},
  volume =	 1,
  edition =	 {Second},
  month =	 feb,
  isbn10 =	 9781107015425,
  where =	 {http://math.mit.edu/~rstan/ec/ec1.pdf}
}

@Article{stanley97:_hippar_plutar_schroed_hough,
  language =	 {english},
  author =	 {Stanley, Richard P.},
  title =	 {Hipparchus, {P}lutarch, {S}chr{\"o}der and {H}ough},
  journal =	 {The American Mathematical Montly},
  year =	 1997,
  volume =	 104,
  number =	 4,
  pages =	 {344-350},
  month =	 apr,
  doi =		 {10.2307/2974582},
  where =	 {http://www-math.mit.edu/~rstan/papers/hip.pdf}
}

@Book{stanley99:_enumer_combin-2,
  language =	 {english},
  author =	 {Stanley, Richard P.},
  title =	 {Enumerative Combinatorics},
  publisher =	 {Cambridge University Press},
  year =	 {\noopsort{2012b}1999},
  volume =	 2,
  month =	 apr,
  isbn13 =	 9780521560696
}

@Book{staudt47:_geometrie_lage,
  language =	 {german},
  author =	 {Staudt, Karl Georg Christian von},
  title =	 {Geometrie der {L}age},
  publisher =	 {N{\"u}rnberg},
  year =	 1847
}

@Book{steenrod73:_how_write_mathem,
  language =	 {english},
  author =	 {Steenrod, Norman E. and
		  Halmos, Paul R. and
		  Schiffer, Menahem M. and
		  Dieudonn{\'e}, Jean A.},
  title =	 {How to Write Mathematics},
  publisher =	 {American Mathematical Society},
  year =	 1973
}

@Book{stein08:_elemen_number_theo,
  language =	 {english},
  author =	 {Stein, William},
  title =	 {Elementary Number Theory:
		  Primes, Congruences, and Secrets},
  publisher =	 {Springer},
  year =	 2008,
  where =	 {http://wstein.org/ent},
  git-url =	 {git://github.com/williamstein/ent.git}
}

@Book{stein09:_real_analy,
  language =	 {english},
  author =	 {Stein, Elias M. and
		  Shakarchi, Rami},
  title =	 {Real Analysis:
		  Measure Theory, Integration, and {H}ilbert Spaces},
  publisher =	 {Princeton University Press},
  year =	 {\noopsort{2011c}{2009}},
  volume =	 {III},
  series =	 {Princeton Lectures in Analysis}
}

@Book{stein10:_compl_analy,
  language =	 {english},
  author =	 {Stein, Elias M. and
		  Shakarchi, Rami},
  title =	 {Complex Analysis},
  publisher =	 {Princeton University Press},
  year =	 {\noopsort{2011b}{2010}},
  volume =	 {II},
  series =	 {Princeton Lectures in Analysis},
  where =	 {http://carlossicoli.free.fr/S/Stein_E.M.,_Shakarchi_R.-Complex_Analysis-Princeton_univ_press(2003).pdf}
}

@Book{stein10:_discr_mathem_comput_scien,
  language =	 {english},
  author =	 {Stein, Clifford L. and
		  Drysdale, Robert and
		  Bogart, Kenneth},
  title =	 {Discrete Mathematics for Computer Scientists},
  publisher =	 {Addison-Wesley},
  year =	 2010
}

@Book{stein10:_funct_analy,
  language =	 {english},
  author =	 {Stein, Elias M. and
		  Shakarchi, Rami},
  title =	 {Functional Analysis:
		  Introduction to Further Topics in Analysis},
  publisher =	 {Princeton University Press},
  year =	 {\noopsort{2011d}{2010}},
  volume =	 {IV},
  series =	 {Princeton Lectures in Analysis}
}

@Book{stein11:_fourier_analy,
  language =	 {english},
  author =	 {Stein, Elias M. and
		  Shakarchi, Rami},
  title =	 {Fourier Analysis:
		  An Introduction},
  publisher =	 {Princeton University Press},
  year =	 {\noopsort{2011a}{2011}},
  volume =	 {I},
  series =	 {Princeton Lectures in Analysis}
}

@Book{stein92:_calculus_anal_geom,
  language =	 {english},
  author =	 {Stein, Sherman K. and
		  Barcellos, Anthony},
  title =	 {Calculus and Analytic Geometry},
  publisher =	 {McGraw-Hill},
  year =	 1992,
  edition =	 {Fifth}
}

@Book{stein99:_strength_numbers,
  language =	 {english},
  author =	 {Stein, Sherman K.},
  title = 	 {Strength in Numbers:
		  Discovering the Joy and Power of Mathematics
		  in Everyday Life},
  publisher = 	 {John Wiley \& Sons, Inc.},
  year = 	 1999,
  isbn10 =	 1620456966,
  isbn13 =	 {978-1620456965}
}

@Book{steinhaus69:_math_snapshots,
  language =	 {english},
  author =	 {Steinhaus, Hugo},
  title =	 {Mathematical Snapshots},
  publisher =	 {Oxford University Press},
  year =	 1969,
  edition =	 {Third}
}

@InProceedings{stevenson90:_reasons_not_proving_your_progr_correct,
  language =	 {english},
  author =	 {Stevenson, D. E.},
  title =	 {1001 Reasons for Not Proving Your Programs Correct},
  booktitle =	 {5th. Conference in Philosophy and Computer Science},
  year =	 1990,
  month =	 aug,
  doi =		 {10.1.1.49.3446},
  where =	 {http://cyclone.cs.clemson.edu/~steve/ProofSurvey.ps}
}

@Article{stewart00:_decomp_matrix_comput,
  language =	 {english},
  author =	 {Stewart, G. W.},
  title =	 {The Decompositional Approach to Matrix Computation},
  journal =	 {Computing in Science and Engineering},
  year =	 2000,
  volume =	 2,
  number =	 1,
  month =	 {January/February},
  pages =	 {50-59},
  doi =		 {10.1109/MCISE.2000.814658}
}

@Book{strang09:_intr_linear_algebra,
  language =	 {english},
  author =	 {Strang, Gilbert},
  title =	 {Introduction to Linear Algebra},
  publisher =	 {Wellesley-Cambridge Press},
  year =	 2009,
  edition =	 {Fourth},
  month =	 feb,
  isbn13 =	 {978-09802327-14}
}

@Book{strang10:_calculus,
  language =	 {english},
  author =	 {Strang, Gilbert},
  title =	 {Calculus},
  publisher =	 {Wellesley-Cambridge Press},
  year =	 2010,
  edition =	 {Second},
  month =	 aug
}

@Book{strang91:_calculus,
  language =	 {english},
  author =	 {Strang, Gilbert},
  title =	 {Calculus},
  publisher =	 {Wellesley-Cambridge Press},
  year =	 1991,
  where =	 {http://ocw.mit.edu/resources/res-18-001-calculus-online-textbook-spring-2005/index.htm}
}

@Article{strassen69:_matrix_multiplication,
  language =	 {english},
  author =	 {Strassen, Volker},
  title =	 {Gaussian Elimination is not Optimal},
  journal =	 {Numerische Mathematik},
  year =	 1969,
  volume =	 13,
  number =	 4,
  pages =	 {354-356},
  month =	 aug,
  doi =		 "10.1007/BF02165411"
}

@Book{stroustrup00:_C++_progr_languag,
  language =	 {english},
  author =	 {Stroustrup, Bjarne},
  title =	 {The {C++} Programming Language},
  publisher =	 {Addison-Wesley Longman},
  year =	 2000,
  edition =	 {Special}
}

@Article{stroustrup10:_what_should_we_teach_new_softw_devel,
  language =	 {english},
  author =	 {Stroustrup, Bjarne},
  title =	 {What Should We Teach New Software Developers? {W}hy?},
  journal =	 {Communitacions of the ACM},
  year =	 2010,
  volume =	 53,
  number =	 1,
  pages =	 {40-42},
  month =	 jan,
  doi =		 {10.1145/1629175.1629192}
}

@Book{sundstrom13:_math_reasoning,
  language =	 {english},
  author =	 {Sundstrom, Ted},
  title =	 {Mathematical Reasoning: Writing and Proof},
  publisher =	 {CreateSpace Independent Publishing Platform},
  year =	 2013,
  edition =	 {Third},
  month =	 aug,
  where =	 {https://sites.google.com/site/mathematicalreasoning3ed}
}

@Article{sury04:_ident_invol_recip_binom_coeff,
  language =	 {english},
  author =	 {Sury, B. and
		  Wang, Tianming and
		  Zhao, Feng-Zhen},
  title =	 {Identities Involving Reciprocals of Binomial Coefficients},
  journal =	 {Journal of Integer Sequences},
  year =	 2004,
  volume =	 7,
  number =	 2,
  pages =	 {Article 04.2.8},
  where =	 {https://cs.uwaterloo.ca/journals/JIS/VOL7/Sury/sury99.pdf}
}

@Article{sury93:_sum_recip_binom_coeff,
  language =	 {english},
  author =	 {Sury, B.},
  title =	 {Sum of the Reciprocals of Binomial Coefficients},
  journal =	 {European Journal of Combinatorics},
  year =	 1993,
  volume =	 14,
  number =	 4,
  pages =	 {351-353},
  month =	 jul,
  doi =		 {10.1006/eujc.1993.1038}
}

@Article{swart80:_philos_impl_four_color_problem,
  language =	 {english},
  author =	 {Swart, E. R.},
  title =	 {The Philosophical Implications of the Four Color Problem},
  journal =	 {The American Mathematical Monthly},
  year =	 1980,
  volume =	 87,
  number =	 9,
  pages =	 {697-702},
  month =	 nov,
  doi =		 {10.2307/2321855},
  where =	 {http://mathdl.maa.org/images/upload_library/22/Ford/Swart697-707.pdf}
}

@Article{swift99:_relab_dice,
  language =	 {english},
  author =	 {Swift, Randall and
		  Fowler, Brian},
  title =	 {Relabeling Dice},
  journal =	 {The College Mathematics Journal},
  year =	 1999,
  volume =	 30,
  number =	 3,
  pages =	 {204-208},
  month =	 may,
  doi =		 {10.2307/2687599}
}

@Article{szekeres68:_combin_inter_contin_fract,
  language =	 {english},
  author =	 {Szekeres, George},
  title =	 {A Combinatorial Interpretation
		  of {R}amanujan's Continued Fraction},
  journal =	 {Canadian Mathematical Bulletin},
  year =	 1968,
  volume =	 11,
  number =	 3,
  pages =	 {405-408},
  doi =		 {10.4153/CMB-1968-046-x},
  where =	 {http://cms.math.ca/cmb/v11/cmb1968v11.0405-0408.pdf}
}

@Book{talbot12:_latex_compl_novice,
  language =	 {english},
  author =	 {Talbot, Nicola L. C.},
  title =	 {{\LaTeX} for Complete Novices},
  publisher =	 {Dickimaw Books},
  year =	 2012,
  volume =	 1,
  series =	 {Dickimaw {\LaTeX} Series},
  address =	 {Norfolk, UK},
  where =	 {http://www.dickimaw-books.com/latex/novices}
}

@Book{talbot13:_using_latex_write_phd_thesis,
  language =	 {english},
  author =	 {Talbot, Nicola L. C.},
  title =	 {Using {\LaTeX} to Write a {PhD} Thesis},
  publisher =	 {Dickimaw Books},
  year =	 2013,
  volume =	 2,
  series =	 {Dickimaw {\LaTeX} Series},
  address =	 {Norfolk, UK},
  where =	 {http://www.dickimaw-books.com/latex/thesis}
}

@Book{tanenbaum03:_comput_networ,
  language =	 {english},
  author =	 {Tanenbaum, Andrew S.},
  title =	 {Computer Networks},
  publisher =	 {Prentice Hall PTR},
  year =	 2003,
  edition =	 {Fourth}
}

@Book{tanenbaum10:_comput_networ,
  language =	 {english},
  author =	 {Tanenbaum, Andrew S. and Wetherall, David J.},
  title =	 {Computer Networks},
  publisher =	 {Prentice-Hall},
  year =	 2010,
  edition =	 {Fifth}
}

@Article{tarjan76:_edge_disjoin_spann_trees_depth_first_searc,
  language =	 {english},
  author =	 {Tarjan, Robert Endre},
  title =	 {Edge-Disjoint Spanning Trees and Depth-First Search},
  journal =	 {Acta Informatica},
  year =	 1976,
  volume =	 6,
  number =	 2,
  pages =	 {171-185},
  month =	 jun,
  doi =		 {10.1007/BF00268499}
}

@Book{taylor07:_introd_proof,
  language =	 {english},
  author =	 {Taylor, Ron},
  title =	 {Introduction to Proof},
  publisher =	 {Journal of Inquiry-Based Learning in Mathematics},
  year =	 2007,
  volume =	 4,
  month =	 sep,
  where =	 {http://www.jiblm.org/downloads/jiblmjournal/V070404/V070404.pdf}
}

@Article{taylor95:_ring_theor_proper_hecke_alg,
  language =	 {english},
  author =	 {Taylor, Richard and
		  Wiles, Andrew},
  title =	 {Ring Theoretic Properties of Certain {H}ecke Algebras},
  journal =	 {Annals of Mathematics},
  year =	 1995,
  volume =	 141,
  number =	 3,
  pages =	 {553-572},
  month =	 may,
  doi =		 {10.2307/2118560}
}

@Article{thomas98:_updates_four_color_theorem,
  language =	 {english},
  author =	 {Thomas, Robin},
  title =	 {An Update on the {F}our-{C}olor {T}heorem},
  journal =	 {Notices of the American Mathematical Society},
  year =	 1998,
  volume =	 45,
  number =	 7,
  pages =	 {848-859},
  month =	 aug,
  where =	 {http://www.ams.org/notices/199807/thomas.pdf}
}

@Book{thomson08:_elemen_real_analy,
  language =	 {english},
  author =	 {Thomson, Brian S. and
		  Bruckner, Andrew M. and
		  Bruckner, Judith B.},
  title =	 {Elementary Real Analysis},
  publisher =	 {ClassicalRealAnalysis.com},
  year =	 2008,
  edition =	 {Second},
  ISBN10 =	 {143484367X},
  ISBN13 =	 {978-1434843678},
  where =	 {http://classicalrealanalysis.info/com/Elementary-Real-Analysis.php}
}

@Book{thomson10:_calculus_integral,
  language =	 {english},
  author =	 {Thomson, Brian S.},
  title =	 {The Calculus Integral},
  publisher =	 {ClassicalRealAnalysis.com},
  year =	 2010,
  ISBN10 =	 1442180951,
  ISBN13 =	 {978-1442180956},
  where =	 {http://classicalrealanalysis.info/com/The-Calculus-Integral.php}
}

@Book{thomson12:_theory_integral,
  language =	 {english},
  author =	 {Thomson, Brian S.},
  title =	 {Theory of the Integral},
  publisher =	 {ClassicalRealAnalysis.com},
  year =	 2012,
  ISBN10 =	 1467998168,
  ISBN13 =	 {978-1467998161},
  where =	 {http://classicalrealanalysis.info/com/Theory-of-the-Integral.php}
}

@Article{thurston94:_proof_progr_math,
  language =	 {english},
  author =	 {Thurston, William P.},
  title =	 {On Proof and Progress in Mathematics},
  journal =	 {Bulletin of the American Mathematical Society},
  year =	 1994,
  volume =	 30,
  number =	 2,
  pages =	 {161-177},
  month =	 apr,
  where =	 {http://arxiv.org/pdf/math/9404236.pdf}
}

@Book{tijms12:_under_probab,
  language =	 {english},
  author =	 {Tijms, Henk},
  title =	 {Understanding Probability},
  publisher =	 {Cambridge University Press},
  year =	 2012,
  edition =	 {Third},
  month =	 jul
}

@Article{toom63:_multip_int,
  language =	 {english},
  author =	 {Toom, A. L.},
  title =	 {The Complexity of a Scheme of Functional Elements
		  Realizing the Multiplication of Integers},
  journal =	 {Soviet Mathematics},
  year =	 1963,
  volume =	 3,
  pages =	 {714-716}
}

@Article{toth02:_probab_posit_integ_pairw_relat_prime,
  language =	 {english},
  author =	 {T{\'o}th, L{\'a}zl{\'o}},
  title =	 {The Probability that \(k\) Positive Integers
		  are Pairwise Relatively Prime},
  journal =	 {The Fibonacci Quarterly},
  year =	 2002,
  volume =	 40,
  number =	 1,
  pages =	 {13-18},
  month =	 feb
}

@InProceedings{touchard34:_permutations,
  language =	 {french},
  author =	 {Touchard, Jacques},
  title =	 {Sur un probl{\'e}me des permutations},
  booktitle =	 {Comptes Rendus de L'Acad{\'e}mie des Sciences},
  pages =	 {631-633},
  year =	 1934,
  volume =	 198
}

@Book{trench03:_introd_real_analy,
  language =	 {english},
  author =	 {Trench, William F.},
  title =	 {Introduction to Real Analysis},
  publisher =	 {Pearson Education},
  year =	 2003,
  note =	 {Free Hyperlinked Edition 2.01,
		  \url{http://ramanujan.math.trinity.edu/wtrench/texts/index.shtml}}
}

@Book{trench13:_introd_real_analy,
  language =	 {english},
  author =	 {Trench, William F.},
  title =	 {Introduction to Real Analysis},
  publisher =	 {Trinity University},
  year =	 2013,
  volume =	 7,
  series =	 {Books and Monographs},
  edition =	 {Free Hyperlinked Edition 2.04},
  month =	 dec,
  where =	 {http://digitalcommons.trinity.edu/mono/7}
}

@Article{tucker74:_Polya_enum_example,
  language =	 {english},
  author =	 {Tucker, Alan},
  title =	 {P{\'o}lya's Enumeration Formula by Example},
  journal =	 {Mathematics Magazine},
  year =	 1974,
  volume =	 47,
  number =	 5,
  pages =	 {248--256},
  month =	 nov,
  where =	 {http://www.jstor.org/stable/2688047}
}

@Article{tutte75:_elemen_calcul_good_formul,
  language =	 {english},
  author =	 {Tutte, W. T.},
  title =	 {On Elementary Calculus and the Good Formula},
  journal =	 {Journal of Combinatorial Theory, Series B},
  year =	 1975,
  volume =	 18,
  number =	 2,
  pages =	 {97-137},
  month =	 apr,
  doi =		 {10.1016/0095-8956(75)90040-4}
}

@Article{tymoczko80:_comput_proof_mathem,
  language =	 {english},
  author =	 {Tymoczko, Thomas},
  title =	 {Computers, Proofs and Mathematicians:
		  A Philosophical Investigation of the Four-Color Proof},
  journal =	 {Mathematics Magazine},
  year =	 1980,
  volume =	 53,
  number =	 3,
  pages =	 {131-138},
  month =	 may
}

@Book{vajda89:_fibonacci_lucas_number_golden_section,
  language =	 {english},
  author =	 {Vajda, Stephen},
  title =	 {Fibonacci and {L}ucas Numbers, and the Golden Section:
		  Theory and Applications},
  publisher =	 {Ellis Horwood Limited},
  year =	 1989,
  note =	 {Reprinted 2008 by Dover Publications, Inc.},
  isbn10 =	 {0-486-46276-5},
  isbn13 =	 {978-0-486-46276-9}
}

@Article{veljan01:_some_primar_secon_struc_combin,
  language =	 {english},
  author =	 {Veljan, Darko},
  title =	 {On Some Primary and Secondary Structures in Combinatorics},
  journal =	 {Mathematical Communications},
  year =	 2001,
  volume =	 6,
  number =	 2,
  pages =	 {217-232},
  month =	 dec,
  where =	 {http://hrcak.srce.hr/file/1593}
}

@Book{velleman06:_how_prove_it,
  language =	 {english},
  author =	 {Velleman, Daniel J.},
  title =	 {How to Prove It: A Structured Approach},
  publisher =	 {Cambridge University Press},
  year =	 2006
}

@Article{vorst00:_krylov_subsp_iterat,
  language =	 {english},
  author =	 {Vorst, Henk A. van der},
  title =	 {Krylov Subspace Iteration},
  journal =	 {Computing in Science and Engineering},
  year =	 2000,
  volume =	 2,
  number =	 1,
  month =	 {January/February},
  pages =	 {32-37},
  doi =		 {10.1109/MCISE.2000.814655}
}

@Book{wah94:_ATTC,
  language =	 {english},
  author =	 {Wah, Anita and
		  Picciotto, Henri},
  title =	 {Algebra: Themes, Tools, Concepts},
  publisher =	 {McGraw-Hill},
  year =	 1994,
  where =	 {http://www.mathedpage.org/attc/attc.html}
}

@Article{walk11:_inter_value_theo_not_obvious,
  language =	 {english},
  author =	 {Walk, Stephen M.},
  title =	 {The {I}ntermediate {V}alue {T}heorem is {NOT} Obvious --
		  and {I} Am Going to Prove It to You},
  journal =	 {The College Mathematics Journal},
  year =	 2011,
  volume =	 42,
  number =	 4,
  pages =	 {254-259},
  month =	 sep,
  doi =		 {http://dx.doi.org/10.4169/college.math.j.42.4.254},
  where =	 {http://www.math.uga.edu/~pete/Walk11.pdf}
}

@TechReport{walker89:_node_posit_algor_gener_trees,
  language =	 {english},
  author =	 {{Walker II}, John Q.},
  title =	 {A Node-Positioning Algorithm for General Trees},
  institution =	 {The University of North Carolina at Chapel Hill,
		  Department of Computer Science},
  year =	 1989,
  number =	 {TR 89-034},
  month =	 sep,
  where =	 {http://www.cs.unc.edu/techreports/89-034.pdf}
}

@Article{walker90:_node_posit_algor_gener_trees,
  language =	 {english},
  author =	 {{Walker II}, John Q.},
  title =	 {A Node-Positioning Algorithm for General Trees},
  journal =	 {Software -- Practice and Experience},
  year =	 1990,
  volume =	 20,
  number =	 7,
  pages =	 {685-705},
  month =	 jul,
  doi =		 {10.1002/spe.4380200705}
}

@Article{wang04:_simple_proof_rule_signs,
  language =	 {english},
  author =	 {Wang, Xiaoshen},
  title =	 {A Simple Proof of {D}escartes' Rule of Signs},
  journal =	 {American Mathematical Monthly},
  year =	 2004,
  volume =	 111,
  number =	 6,
  pages =	 {525-526},
  month =	 {June -- July}
}

@Article{warshall62:_theo_boolean_matrices,
  language =	 {english},
  author =	 {Warshall, Stephen},
  title =	 {A Theorem on Boolean Matrices},
  journal =	 {Journal of the ACM},
  year =	 1962,
  volume =	 9,
  number =	 1,
  pages =	 {11-12},
  month =	 jan,
  doi =		 {10.1145/321105.321107}
}

@Article{wetherell79:_tidy_drawing_trees,
  language =	 {english},
  author =	 {Wetherell, Charles and
		  Shannon, Alfred},
  title =	 {Tidy Drawing of Trees},
  journal =	 {IEEE Transactions on Software Engineering},
  year =	 1979,
  volume =	 {SE-5},
  number =	 5,
  pages =	 {514-520},
  month =	 sep,
  doi =		 {10.1109/TSE.1979.234212},
  where =	 {http://ieeexplore.ieee.org/stamp/stamp.jsp?tp=&arnumber=1702661}
}

@Article{wiener90:_crypt_short_rsa_secret_exp,
  language =	 {english},
  author =	 {Wiener, Michael J.},
  title =	 {Cryptanalysis of Short {RSA} Secret Exponents},
  journal =	 {IEEE Transactions on Information Theory},
  year =	 1990,
  volume =	 36,
  number =	 3,
  pages =	 {553-558},
  month =	 may,
  where =	 {http://sites.google.com/site/michaeljameswiener/ShortSecretExponents.pdf?attredirects=0}
}

@Article{wigner60:_unreas_effec_math_nat_sci,
  language =	 {english},
  author =	 {Wigner, Eugene},
  title =	 {The Unreasonable Effectiveness of Mathematics
		  in the Natural Sciences},
  journal =	 {Communications in Pure and Applied Mathematics},
  year =	 1960,
  volume =	 13,
  number =	 1,
  pages =	 {1-14},
  month =	 feb,
  doi =		 {10.1002/cpa.3160130102}
}

@Book{wilder65:_introd_found_mathem,
  language =	 {english},
  author =	 {Wilder, Raymond L.},
  title =	 {Introduction to the Foundations of Mathematics},
  publisher =	 {John Wiley \& Sons},
  year =	 1965,
  edition =	 {Second},
  where =	 {https://archive.org/details/IntroductionToTheFoundationsOfMathematics}
}

@Article{wiles95:_modul_ellip_curves_Fermat,
  language =	 {english},
  author =	 {Wiles, Andrew},
  title =	 {Modular Elliptic Curves and {F}ermat's Last Theorem},
  journal =	 {Annals of Mathematics},
  year =	 1995,
  volume =	 141,
  number =	 3,
  pages =	 {443-551},
  month =	 may,
  doi =		 {10.2307/2118569}
}

@Book{wilf03:_algor_compl,
  language =	 {english},
  author =	 {Wilf, Herbert S.},
  title =	 {Algorithms and Complexity},
  publisher =	 {A. K. Peters, Ltd},
  year =	 2003,
  edition =	 {Second},
  where =	 {http://www.math.upenn.edu/~wilf/AlgComp3.html}
}

@Book{wilf06:_gfology,
  language =	 {english},
  author =	 {Wilf, Herbert S.},
  title =	 {Generatingfunctionology},
  publisher =	 {A. K. Peters, Ltd.},
  year =	 2006,
  edition =	 {Third}
}

@Article{wilf82:_what_answer,
  language =	 {english},
  author =	 {Wilf, Herbert S.},
  title =	 {What is an Answer?},
  journal =	 {The American Mathematical Monthly},
  year =	 1982,
  volume =	 89,
  number =	 5,
  pages =	 {289-292},
  month =	 may
}

@Article{williams64:_alg_heapsort,
  language =	 {english},
  author =	 {Williams, J. W. J.},
  title =	 {Algorithm 232 - {H}eapsort},
  journal =	 {Communications of the ACM},
  year =	 1964,
  volume =	 7,
  number =	 6,
  month =	 jun,
  pages =	 {347-348},
  where =	 {http://cacm.acm.org/magazines/1964/6/13668-algorithms/pdf}
}

@PhdThesis{wong08:_applic_finite_field_comput_crypt,
  language =	 {english},
  author =	 {Wong, Kenneth Koon-Ho},
  title =	 {Applications of Finite Field Computation to Cryptology:
		  Extension Field Arithmetic in Public Key Systems
		  and Algebraic Attacks on Stream Ciphers},
  school =	 {Queensland University of Technology},
  year =	 2008,
  where =	 {http://eprints.qut.edu.au/17570/1/Kenneth_Wong_Thesis.pdf}
}

@Book{yaglom87:_chall_math_probl_elem_soln_1,
  language =	 {english},
  author =	 {Yaglom, Akiva M. and
		  Yaglom, Isaak M.},
  title =	 {Challenging Mathematical Problems with Elementary Solutions},
  publisher =	 {Dover Publications, Inc.},
  year =	 1987,
  volume =	 1,
  crossref =	 {yaglom87:_chall_math_probl_elem_soln_2vol}
}

@Book{yaglom87:_chall_math_probl_elem_soln_2,
  language =	 {english},
  author =	 {Yaglom, Akiva M. and
		  Yaglom, Isaak M.},
  title =	 {Challenging Mathematical Problems with Elementary Solutions},
  publisher =	 {Dover Publications, Inc.},
  year =	 1987,
  volume =	 2,
  crossref =	 {yaglom87:_chall_math_probl_elem_soln_2vol}
}

@Book{yaglom87:_chall_math_probl_elem_soln_2vol,
  language =	 {english},
  author =	 {Yaglom, Akiva M. and
		  Yaglom, Isaak M.},
  title =	 {Challenging Mathematical Problems with Elementary Solutions},
  publisher =	 {Dover Publications, Inc.},
  year =	 1987,
  volumes =	 2
}

@Article{yen70:_algor_findin_short_routes_all,
  language =	 {english},
  author =	 {Yen, Yin Y.},
  title =	 {An Algorithm for Finding Shortest Routes from All Nodes
		  to a Given Destination in General Networks},
  journal =	 {Quarterly of Applied Mathematics},
  year =	 1970,
  volume =	 27,
  pages =	 {526-530},
  where =	 {http://www.ams.org/mathscinet-getitem?mr=0253822}
}

@Article{yen71:_find_short_loopless_paths,
  language =	 {english},
  author =	 {Yen, Yin Y.},
  title =	 {Finding the \(k\) Shortest Loopless Paths in a Network},
  journal =	 {Management Science, Theory Series},
  year =	 1971,
  volume =	 17,
  number =	 11,
  pages =	 {712-716},
  month =	 jul
}

@Book{zakon01:_basic_concep_mathem,
  language =	 {english},
  author =	 {Zakon, Elias},
  title =	 {Basic Concepts of Mathematics},
  publisher =	 {The Trillia Group},
  year =	 {\noopsort{2009}2009},
  isbn13 =	 {978-1-931705-00-3},
  where =	 {http://www.trillia.com/zakon1.html}
}

@Book{zakon04:_mathem_analy_i,
  language =	 {english},
  author =	 {Zakon, Elias},
  title =	 {Mathematical Analysis {I}},
  publisher =	 {The Trillia Group},
  year =	 {\noopsort{2004a}2004},
  isbn13 =	 {978-1-61738-647-3},
  where =	 {http://www.trillia.com/zakon-analysisI.html}
}

@Book{zakon09:_mathem_analy_ii,
  language =	 {english},
  author =	 {Zakon, Elias},
  title =	 {Mathematical Analysis {II}},
  publisher =	 {The Trillia Group},
  year =	 {\noopsort{2004b}2009},
  isbn13 =	 {978-1-931705-03-8},
  where =	 {http://www.trillia.com/zakon-analysisII.html}
}

@Book{zeitz07:_art_craft_probl_solving,
  language =	 {english},
  author =	 {Zeitz, Paul},
  title =	 {The Art and Craft of Problem Solving},
  publisher =	 {John Wiley \& Sons},
  year =	 2007,
  edition =	 {Second}
}

@Book{zeller09:_why_programs_fail,
  language =	 {english},
  author =	 {Zeller, Andreas},
  title =	 {Why Programs Fail: A Guide to Systematic Debugging},
  publisher =	 {Morgan Kaufmann},
  year =	 2009,
  edition =	 {Second}
}
