@Misc{RFC4822,
  key =		 {IETF RFC 4822},
  language =	 {english},
  author =	 {Malkin, G.},
  title =	 {{RIP} Version 2},
  howpublished = {IETF RFC 4822},
  month =	 nov,
  year =	 1998,
  where =	 {http://tools.ietf.org/html/rfc2453}
}

@Misc{RFC4949,
  key =		 {IETF RFC 4949},
  language =	 {english},
  author =	 {Shirey, R.},
  title =	 {Internet Security Glossary, Version 2},
  howpublished = {IETF RFC 4949},
  month =	 aug,
  year =	 2007,
  where =	 {http://tools.ietf.org/html/rfc4949}
}

