@Misc{DLMF,
  language =	 {english},
  author =	 {Olver, Frank W. J. and
		  Lozier, Daniel W. and
		  Boisvert, Ronald F. and
		  Clark, Charles W.},
  title =	 {{NIST} {D}igital {L}ibrary of {M}athematical {F}unctions},
  howpublished = {\url{http://dlmf.nist.gov}}
}

@Misc{FIPS-180-3,
  key =		 {FIPS-180-3},
  language =	 {english},
  organization = {National Institute of Standards and Technology},
  title =	 {{S}ecure {H}ash {S}tandard ({SHS})},
  howpublished = {Federal Information Processing Standards Publication 180-3},
  month =	 oct,
  year =	 2008,
  note =	 {\\ \url{http://csrc.nist.gov/publications/fips/fips180-3/fips180-3_final.pdf}}
}

@Misc{FIPS-186,
  key =		 {FIPS-186},
  language =	 {english},
  organization = {National Institute of Standards and Technology},
  title =	 {{D}igital {S}ignature {S}tandard ({DSS})},
  howpublished = {Federal Information Processing Standards Publication 186},
  month =	 may,
  year =	 1994,
  note =	 {\url{http://www.itl.nist.gov/fipspubs/fip186.htm}}
}

@Misc{FIPS-186-1,
  key =		 {FIPS-186-1},
  language =	 {english},
  organization = {National Institute of Standards and Technology},
  title =	 {{D}igital {S}ignature {S}tandard, Change No. 1},
  howpublished = {Federal Information Processing Standards Publication 186},
  month =	 dec,
  year =	 1996,
  note =	 {\url{http://www.itl.nist.gov/fipspubs/186chg-1.htm}}
}

@Misc{FIPS-186-3,
  key =		 {FIPS-186-3},
  language =	 {english},
  organization = {National Institute of Standards and Technology},
  title =	 {{D}igital {S}ignature {S}tandard},
  howpublished = {Federal Information Processing Standards Publication 186},
  month =	 jun,
  year =	 2009,
  note =	 {\url{http://csrc.nist.gov/publications/fips/fips186-3/fips_186-3.pdf}}
}

@Misc{FIPS-186-4,
  key =		 {FIPS-186-4},
  language =	 {english},
  organization = {National Institute of Standards and Technology},
  title =	 {{D}igital {S}ignature {S}tandard},
  howpublished = {Federal Information Processing Standards Publication 186},
  month =	 jul,
  year =	 2013,
  note =	 {\url{http://nvlpubs.nist.gov/nistpubs/FIPS/NIST.FIPS.186-4.pdf}},
  doi =		 {10.6028/NIST.FIPS.186-4}
}

@Misc{Frama-C,
  language =	 {english},
  key =		 {Frama-C},
  title =	 {Frama-{C} Software Analyzers},
  howpublished = {\url{http://frama-c.com}}
}

@Manual{GAP:4.5.6,
  language =	 {english},
  title =	 {{GAP} -- Groups, Algorithms, and Programming,
		  Version 4.5.6},
  key =		 {GAP},
  organization = {The GAP~Group},
  year =	 2012,
  url =		 {http://www.gap-system.org}
}

@Manual{GAP:4.6.5,
  language =	 {english},
  title =	 {{GAP} -- Groups, Algorithms, and Programming,
		  Version 4.6.5},
  key =		 {GAP},
  organization = {The GAP~Group},
  year =	 2013,
  url =		 {http://www.gap-system.org}
}

@Manual{GAP:4.7.5,
  language =	 {english},
  title =	 {{GAP} -- Groups, Algorithms, and Programming,
		  Version 4.7.5},
  key =		 {GAP},
  organization = {The GAP~Group},
  year =	 2014,
  url =		 {http://www.gap-system.org}
}

@Misc{GiNaC:1.6.2,
  language =	 {english},
  key =		 {GiNaC},
  title =	 {{GiNaC} Version 1.6.2},
  howpublished = {\url{http://www.ginac.de/Download.html}},
  month =	 nov,
  year =	 2011
}

@Misc{KLEE,
  language =	 {english},
  key =		 {KLEE},
  title =	 {The {KLEE} Symbolic Virtual Machine},
  howpublished = {\url{http://klee.llvm.org}}
}

@Misc{London_tube1908,
  key =		 {London {U}nderground {R}ailways},
  language =	 {english},
  title =	 {London Underground Railways},
  howpublished = {\\ \url{http://upload.wikimedia.org/wikipedia/commons/9/90/Tube_map_1908-2.jpg}},
  year =	 1908
}

@Misc{NIST99:_recom_ellip_curves_feder_gover_use,
  key =		 {NIST99:_ReCur},
  language =	 {english},
  organization = {National Institute of Standards and Technology},
  title =	 {Recommended Elliptic Curves for {F}ederal {G}overnment Use},
  howpublished = {\\ \url{http://csrc.nist.gov/groups/ST/toolkit/documents/dss/NISTReCur.pdf}},
  month =	 jul,
  year =	 1999
}

@Manual{PARI:2.5.0,
  language =	 {english},
  organization = {The {PARI} {G}roup},
  title =	 {{PARI}/{GP}, Version \texttt{2.5.0}},
  year =	 2011,
  address =	 {Bordeaux},
  note =	 {Available from \url{http://pari.math.u-bordeaux.fr}}
}

@Manual{PARI:2.5.2,
  language =	 {english},
  organization = {The {PARI} {G}roup},
  title =	 {{PARI}/{GP}, Version \texttt{2.5.2}},
  month =	 aug,
  year =	 2012,
  address =	 {Bordeaux},
  note =	 {Available from \url{http://pari.math.u-bordeaux.fr}}
}

@Manual{PARI:2.5.4,
  language =	 {english},
  organization = {The {PARI} {G}roup},
  title =	 {{PARI}/{GP}, Version \texttt{2.5.4}},
  month =	 may,
  year =	 2013,
  address =	 {Bordeaux},
  note =	 {Available from \url{http://pari.math.u-bordeaux.fr}}
}

@Manual{PARI:2.5.5,
  language =	 {english},
  organization = {The {PARI} {G}roup},
  title =	 {{PARI}/{GP}, Version \texttt{2.5.5}},
  month =	 sep,
  year =	 2013,
  address =	 {Bordeaux},
  note =	 {Available from \url{http://pari.math.u-bordeaux.fr}}
}

@Manual{PARI:2.7.1,
  language =	 {english},
  organization = {The {PARI} {G}roup},
  title =	 {{PARI}/{GP}, Version \texttt{2.7.1}},
  month =	 sep,
  year =	 2014,
  address =	 {Bordeaux},
  note =	 {Available from \url{http://pari.math.u-bordeaux.fr}}
}

@Manual{PARI:2.7.2,
  language =	 {english},
  organization = {The {PARI} {G}roup},
  title =	 {{PARI}/{GP}, Version \texttt{2.7.1}},
  month =	 sep,
  year =	 2014,
  address =	 {Bordeaux},
  note =	 {Available from \url{http://pari.math.u-bordeaux.fr}}
}

@Misc{albert09:_basic_count_princ,
  language =	 {english},
  author =	 {Albert, Michael},
  title =	 {Basic Counting Principles},
  howpublished = {\\ \url{http://www.mathsolympiad.org.nz/wp-content/uploads/2009/01/counting.pdf}},
  month =	 jan,
  year =	 2009
}

@Misc{alder97:_intro_compl_anal_eng,
  language =	 {english},
  author =	 {Alder, Michael D.},
  title =	 {An Introduction to Complex Analysis for Engineers},
  month =	 jun,
  year =	 1997,
  url =		 {http://ft-sipil.unila.ac.id/dbooks/%28ebook-pdf%29%20-%20Mathematics%20-%20An%20Introduction%20to%20Complex%20Analysis%20for%20Engineers.pdf}
}

@Misc{alper01:_induction,
  language =	 {english},
  author =	 {Alper, Ted},
  title =	 {Induction},
  howpublished = {\url{http://mathcircle.berkeley.edu/BMC4/Handouts/induct.pdf}},
  month =	 nov,
  year =	 2001
}

@Misc{alper99:_funct_equat_recur_relat,
  language =	 {english},
  author =	 {Alper, Ted},
  title =	 {Functional Equations and Recurrence Relations},
  howpublished = {\url{http://mathcircle.berkeley.edu/archivedocs/1999_2000/lectures/9900lecturespdf/recur.pdf}},
  month =	 dec,
  year =	 1999
}

@Misc{alvarez00:_unimod_log_concav_polyn,
  language =	 {english},
  author =	 {Alvarez, Jenny and
		  Amadis, Miguel and
		  Rosales, Leobardo},
  title =	 {Unimodality and Log-Concavity of Polynomials},
  howpublished = {\url{http://www.uprh.edu/~simu/Reports2000/Integration/JLM/LJMReport.pdf}},
  month =	 aug,
  year =	 2000
}

@Misc{arthan07:_rule_signs_easy_induc,
  language =	 {english},
  author =	 {Arthan, R. D.},
  title =	 {Descartes' Rule of Signs by an Easy Induction},
  howpublished = {\url{http://arxiv.org/pdf/0710.1881.pdf}},
  month =	 oct,
  year =	 2007
}

@Book{ash02:_abstr_algeb,
  language =	 {english},
  author =	 {Ash, Robert B.},
  title =	 {Abstract Algebra: The Basic Graduate Year},
  publisher =	 {Dept. of Mathematics, University of Illinois},
  year =	 2002,
  month =	 nov,
  url =		 {http://www.math.uiuc.edu/~r-ash/Algebra.html}
}

@Book{ash04:_compl_variable,
  language =	 {english},
  author =	 {Ash, Robert B. and
		  Novinger, W. P.},
  title =	 {Complex Variables},
  publisher =	 {Dept. of Mathematics, University of Illinois},
  year =	 2004,
  url =		 {http://www.math.uiuc.edu/~r-ash/CV.html}
}

@Misc{aspnes14:_notes_discr_mathem,
  language =	 {english},
  author =	 {Aspnes, James},
  title =	 {Notes on Discrete Mathematics},
  howpublished = {\url{http://cs-www.cs.yale.edu/homes/aspnes/classes/202/notes.pdf}},
  month =	 oct,
  year =	 2014
}

@Misc{bailey09:_break_ecc2k-130,
  language =	 {english},
  author =	 {Bailey, Daniel V. and
		  Batina, Lejla and
		  Bernstein, Daniel J. and
		  Birkner, Peter and
		  Bos, Joppe W. and
		  Chen, Hsieh-Chung and
		  Cheng, Chen-Mou and
		  Damme, Gauthier van and
		  Meulenaer, Giacomo de and
		  Dominguez Perez, Luis Julian and
		  Fan, Junfeng and
		  Gueneysu, Tim and
		  Gurkaynak, Frank and
		  Kleinjung, Thorsten and
		  Lange, Tanja and
		  Mentens, Nele and
		  Niederhagen, Ruben and
		  Paar, Christof and
		  Regazzoni, Francesco and
		  Schwabe, Peter and
		  Uhsadel, Leif and
		  Herrewege, Anthony Van and
		  Yang, Bo-Yin},
  title =	 {Breaking {ECC2K-130}},
  howpublished = {\url{http://cr.yp.to/papers.html#ecc2k130}},
  month =	 nov,
  year =	 2009
}

@Misc{bailey09:_ecc2x,
  language =	 {english},
  author =	 {Bailey, Daniel V. and
		  Baldwin, Brian and
		  Batina, Lejla and
		  Bernstein, Daniel J. and
		  Birkner, Peter and
		  Bos, Joppe W. and
		  Damme, Gauthier van and
		  Meulenaer, Giacomo de and
		  Fan, Junfeng and
		  Gueneysu, Tim and
		  Gurkaynak, Frank and
		  Kleinjung, Thorsten and
		  Lange, Tanja and
		  Mentens, Nele and
		  Paar, Christof and
		  Regazzoni, Francesco and
		  Schwabe, Peter and
		  Uhsadel, Leif},
  title =	 {The {C}erticom Challenges {ECC2-X}},
  howpublished = {\url{http://cr.yp.to/papers.html#ecc2x}},
  month =	 sep,
  year =	 2009
}

@Misc{beck12:_first_course_compl_analysis,
  language =	 {english},
  author =	 {Beck, Matthias and
		  Marchesi, Gerald and
		  Pixton, Dennis and
		  Sabalka, Lucas},
  title =	 {A First Course in Complex Analysis},
  howpublished = {\url{http://math.sfsu.edu/beck/complex.html}},
  year =	 2012,
  note =	 {Version 1.4}
}

@Misc{beezer14:_second_course_linear_algebra,
  language =	 {english},
  author =	 {Beezer, Robert A.},
  title =	 {A Second Course in Linear Algebra},
  howpublished = {\url{http://linear.pugetsound.edu/scla/html/scla.html}},
  month =	 dec,
  year =	 2014
}

@Misc{bensimhoun13:_histor_accoun_ultra_simpl_proof,
  language =	 {english},
  author =	 {Bensimhoun, Michael},
  title =	 {Historical Account and Ultra-Simple Proofs
		  of {D}escartes' Rule of Signs,
		  de {G}ua, {F}ourier and {B}udan's Rules},
  howpublished = {http://export.arxiv.org/pdf/1309.6664},
  month =	 sep,
  year =	 2013
}

@Misc{bernstein04:_faster_factorization_coprimes,
  language =	 {english},
  author =	 {Bernstein, Daniel J.},
  title =	 {Research Announcement:
		  {F}aster Factorization into Coprimes},
  howpublished = {\url{http://cr.yp.to/papers.html#dcba2}},
  month =	 nov,
  year =	 2004
}

@Misc{bernstein13:_securing_communication,
  language =	 {english},
  author = 	 {Bernstein, Daniel J. and
		  Lange, Tanja and
		  Schwabe, Peter},
  title =	 {Securing Communication},
  howpublished = {\url{http://nacl.cr.yp.to/securing-communication.pdf}},
  month =	 jan,
  year =	 2013
}

@Misc{bernstein99:_few_words_about_proof,
  language =	 {english},
  author =	 {Bernstein, Mira},
  title =	 {A Few Words About Proofs},
  howpublished = {\url{http://mathcircle.berkeley.edu/archivedocs/1999_2000/lectures/9900lecturespdf/proof.pdf}},
  year =	 1999
}

@Misc{bertola05:_topic_compl_analy,
  language =	 {english},
  author =	 {Bertola, Marco},
  title =	 {Topics in Complex Analysis},
  howpublished = {\url{http://www.mathstat.concordia.ca/faculty/bertola/ComplexAnalysis/ComplexAnalysis.pdf}},
  month =	 nov,
  year =	 2005
}

@Misc{bertram:_math_notes,
  language =	 {english},
  author =	 {Bertram, Aaron},
  title =	 {Math 4030 Notes},
  howpublished = {\url{http://www.math.utah.edu/~bertram/courses/4030}}
}

@Misc{beukers12:_elemen_number_theory,
  language =	 {english},
  author =	 {Beukers, Frits},
  title =	 {Elementary Number Theory},
  howpublished = {\url{http://www.staff.science.uu.nl/~beuke106/getaltheorie/getalscript.pdf}},
  year =	 2012
}

@Misc{beyer:_calculus,
  language =	 {english},
  author =	 {Beyer, Horst R.},
  title =	 {Calculus: A Modern Approach},
  howpublished = {\url{http://hardingblog.cbd9.net/wp-content/uploads/2011/10/beyercalculus.pdf}}
}

@Misc{bialas05:_lectur_notes_applied_probab,
  language =	 {english},
  author =	 {Bialas, Wayne F.},
  title =	 {Lecture Notes in Applied Probability},
  howpublished = {\url{http://www.acsu.buffalo.edu/~bialas/EAS305/docs/EAS305%20NOTES%202005.pdf}},
  year =	 2005
}

@Misc{bilaniuk03:_probl_cours_mathem_logic,
  language =	 {english},
  author =	 {Bilaniuk, Stefan},
  title =	 {A Problem Course in Mathematical Logic},
  howpublished = {\url{http://euclid.trentu.ca/math/sb/pcml/pcml.html}},
  month =	 sep,
  year =	 2003,
  note =	 {Version 1.6}
}

@Misc{black12:_deriv_applied_math,
  language =	 {english},
  author =	 {Black, Thaddeus H.},
  title =	 {Derivations of Applied Mathematics},
  howpublished = {\url{http://www.derivations.org}},
  month =	 aug,
  year =	 2012
}

@Misc{bogart04:_combin_guided_discov,
  language =	 {english},
  author =	 {Bogart, Kenneth P.},
  title =	 {Combinatorics through Guided Discovery},
  howpublished = {\url{http://www.math.dartmouth.edu/news-resources/electronic/kpbogart/ComboNoteswHints11-06-04.pdf}},
  month =	 nov,
  year =	 2004
}

@Misc{bogart04:_discr_math_comput_scien_studen,
  language =	 {english},
  author =	 {Bogart, Ken and
		  Drysdale, Scot and
		  Stein, Cliff},
  title =	 {Discrete Math for Computer Science Students},
  year =	 2004,
  where =	 {http://www.cse.iitd.ernet.in/~bagchi/courses/discrete-book/fullbook.pdf}
}

@Misc{bogart94:_non_sexist_soln_menage_prob,
  language =	 {english},
  author =	 {Bogart, Kenneth P. and
		  Doyle, Peter G.},
  title =	 {Non-Sexist Solution of the M{\'e}nage Problem},
  howpublished = {\url{http://www.math.dartmouth.edu/~doyle/docs/menage/menage/menage.html}},
  month =	 sep,
  year =	 1994
}

@Misc{bogomolny12:_Sylvester_2nd_look,
  language =	 {english},
  author =	 {Bogomolny, Alexander},
  title =	 {Sylvester's Problem: A Second Look},
  howpublished = {\url{http://www.cut-the-knot.org/blue/Sylvester2.shtml}},
  month =	 oct,
  year =	 2012
}

@Misc{brainpool05:_stand_curves_curve_gener,
  language =	 {english},
  key =		 {ECC Brainpool},
  organization = {{ECC Brainpool}},
  title =	 {Standard Curves and Curve Generation},
  howpublished = {\\ \url{http://www.ecc-brainpool.org/download/Domain-parameters.pdf}},
  month =	 oct,
  year =	 2005
}

@Misc{bruinier11:_p(n),
  language =	 {english},
  author =	 {Bruinier, Jan Hendrik and
		  Ono, Ken},
  title =	 {Algebraic Formulas for the Coefficients
		  of Half-Integral Weight Harmonic Weak {M}aas Forms},
  howpublished = {\url{http://www.aimath.org/news/partition/brunier-ono}},
  month =	 jan,
  year =	 2011,
  annote =	 {Closed form for partition function}
}

@Misc{bukh13:_explor_combin,
  language =	 {english},
  author =	 {Bukh, Boris},
  title =	 {Exploring Combinatorics: Inclusion and Exclusion},
  howpublished = {\url{http://www.borisbukh.org/CombinatoricsSpring13/notes_inclusion_exclusion.pdf}},
  year =	 2013
}

@Book{cain01:_compl_analy,
  language =	 {english},
  author =	 {Cain, George},
  title =	 {Complex Analysis},
  publisher =	 {Georgia Institute of Technology},
  year =	 2001,
  url =		 {http://people.math.gatech.edu/~cain/winter99/complex.html}
}

@Misc{cameron03:_notes_crypt,
  language =	 {english},
  author =	 {Cameron, Peter J.},
  title =	 {Notes on Cryptography},
  publisher =	 {School of Mathematical Sciences,
		  Queen Mary University of London},
  howpublished = {\url{http://www.maths.qmul.ac.uk/~pjc/notes/crypt.pdf}},
  month =	 nov,
  year =	 2003
}

@Misc{cameron06:_notes_algeb_struc,
  language =	 {english},
  author =	 {Cameron, Peter J.},
  title =	 {Notes on Algebraic Structures},
  publisher =	 {School of Mathematical Sciences,
		  Queen Mary University of London},
  howpublished = {\url{http://www.maths.qmul.ac.uk/~pjc/notes/algstr.pdf}},
  month =	 apr,
  year =	 2006
}

@Misc{cameron07:_notes_combin,
  language =	 {english},
  author =	 {Cameron, Peter J.},
  title =	 {Notes on Combinatorics},
  publisher =	 {School of Mathematical Sciences,
		  Queen Mary University of London},
  howpublished = {\url{http://www.maths.qmul.ac.uk/~pjc/notes/comb.pdf}},
  month =	 dec,
  year =	 2007
}

@Misc{cameron07:_ten_chapt_algeb_art,
  language =	 {english},
  author =	 {Cameron, Peter J.},
  title =	 {Ten Chapters of the Algebraical Art},
  publisher =	 {School of Mathematical Sciences,
		  Queen Mary University of London},
  howpublished = {\url{http://www.maths.qmul.ac.uk/~pjc/notes/intalg.pdf}},
  month =	 jun,
  year =	 2007
}

@Misc{cameron08:_notes_linear_algeb,
  language =	 {english},
  author =	 {Cameron, Peter J.},
  title =	 {Notes on Linear Algebra},
  publisher =	 {School of Mathematical Sciences,
		  Queen Mary University of London},
  howpublished = {\url{http://www.maths.qmul.ac.uk/~pjc/notes/algstr.pdf}},
  month =	 sep,
  year =	 2008
}

@Misc{cameron09:_notes_number_theor,
  language =	 {english},
  author =	 {Cameron, Peter J.},
  title =	 {Notes on Number Theory},
  publisher =	 {School of Mathematical Sciences,
		  Queen Mary University of London},
  howpublished = {\url{http://www.maths.qmul.ac.uk/~pjc/notes/nt.pdf}},
  month =	 apr,
  year =	 2009
}

@Book{cameron10:_notes_counting,
  language =	 {english},
  author =	 {Cameron, Peter J.},
  title =	 {Notes on Counting:
		  An Introduction to Enumerative Combinatorics},
  publisher =	 {School of Mathematical Sciences,
		  Queen Mary University of London},
  year =	 2010,
  where =	 {http://www.maths.qmul.ac.uk/~bill/MTHM030/counting.pdf}
}

@Misc{cameron:_notes_count,
  language =	 {english},
  author =	 {Cameron, Peter J.},
  title =	 {Notes on Counting},
  publisher =	 {School of Mathematical Sciences,
		  Queen Mary University of London},
  howpublished = {\url{http://www.maths.qmul.ac.uk/~pjc/notes/counting.pdf}}
}

@Misc{carroll99:_polynomials,
  language =	 {english},
  author =	 {Carroll, Gabriel D.},
  title =	 {Polynomials},
  howpublished = {\url{http://mathcircle.berkeley.edu/archivedocs/1999_2000/lectures/9900lecturespdf/poly.pdf}},
  month =	 nov,
  year =	 1999
}

@Misc{carts01:_review_diffie_hellman,
  language =	 {english},
  author =	 {Carts, David A.},
  title =	 {A Review of the {D}iffie-{H}ellman Algorithm
		  and its Use in Secure {I}nternet Protocols},
  howpublished = {\href{http://www.sans.org/reading_room/whitepapers/vpns/review-diffie-hellman-algorithm-secure-internet-protocols_751}{\nolinkurl{http://www.sans.org/reading_room/whitepapers/vpns/review-diffie-hellman-}}\\
\href{http://www.sans.org/reading_room/whitepapers/vpns/review-diffie-hellman-algorithm-secure-internet-protocols_751}{\nolinkurl{algorithm-secure-internet-protocols_751}}},
  month =	 nov,
  year =	 2001
}

@Misc{certicom97:_ecc_chall,
  language =	 {english},
  author =	 {Certicom},
  title =	 {Certicom {ECC} Challenge},
  howpublished = {\\ \url{http://www.certicom.com/index.php/the-certicom-ecc-challenge}},
  year =	 1997
}

@Misc{chen00:_elemen_mathem,
  language =	 {english},
  author =	 {Chen, William W. L. and
		  Duong, X. T.},
  title =	 {Elementary Mathematics},
  howpublished = {\\ \url{http://rutherglen.science.mq.edu.au/~maths/notes/wchen/lnemfolder/lnem.html}},
  year =	 2000
}

@Misc{chen03:_distr_prime_number,
  language =	 {english},
  author =	 {Chen, William W. L.},
  title =	 {Distribution of Prime Numbers},
  howpublished = {\\ \url{http://rutherglen.science.mq.edu.au/wchen/lndpnfolder/lndpn.html}},
  year =	 2003
}

@Misc{chen03:_elemen_number_theor,
  language =	 {english},
  author =	 {Chen, William W. L.},
  title =	 {Elementary Number Theory},
  howpublished = {\\ \url{http://rutherglen.science.mq.edu.au/wchen/lnentfolder/lnent.html}},
  year =	 2003
}

@Misc{chen08:_discr_math,
  language =	 {english},
  author =	 {Chen, William W. L.},
  title =	 {Discrete Mathematics},
  howpublished = {\\ \url{http://rutherglen.science.mq.edu.au/wchen/lndmfolder/lndm.html}},
  year =	 2008
}

@Misc{chen08:_first_year_calculus,
  language =	 {english},
  author =	 {Chen, William W. L.},
  title =	 {First Year Calculus},
  howpublished = {\\ \url{http://rutherglen.science.mq.edu.au/wchen/lnfycfolder/lnfyc.html}},
  year =	 2008
}

@Misc{chen08:_fundam_analy,
  language =	 {english},
  author =	 {Chen, William W. L.},
  title =	 {Fundamentals of Analysis},
  howpublished = {\\ \url{http://rutherglen.science.mq.edu.au/wchen/lnfafolder/lnfa.html}},
  year =	 2008
}

@Misc{chen08:_intro_complex_anal,
  language =	 {english},
  author =	 {Chen, William W. L.},
  title =	 {Introduction to Complex Analysis},
  howpublished = {\\ \url{http://rutherglen.science.mq.edu.au/wchen/lnicafolder/lnica.html}},
  year =	 2008
}

@Misc{chen08:_intro_lebesgue_int,
  language =	 {english},
  author =	 {Chen, William W. L.},
  title =	 {Introduction to {L}ebesgue Integration},
  howpublished = {\\ \url{http://rutherglen.science.mq.edu.au/wchen/lnilifolder/lnili.html}},
  year =	 2008
}

@Misc{chen08:_linear_algeb,
  language =	 {english},
  author =	 {Chen, William W. L.},
  title =	 {Linear Algebra},
  howpublished = {\\ \url{http://rutherglen.science.mq.edu.au/~maths/notes/wchen/lnlafolder/lnla.html}},
  year =	 2008
}

@Misc{chen08:_linear_funct_analy,
  language =	 {english},
  author =	 {Chen, William W. L.},
  title =	 {Linear Functional Analysis},
  howpublished = {\\ \url{http://rutherglen.science.mq.edu.au/~maths/notes/wchen/lnlfafolder/lnlfa.html}},
  year =	 2008
}

@Misc{chen08:_misc_topics_first_year_math,
  language =	 {english},
  author =	 {Chen, William W. L.},
  title =	 {Miscelaneous Topics in First Year Mathematics},
  howpublished = {\\ \href{http://rutherglen.science.mq.edu.au/~maths/notes/wchen/lnmtfymfolder/lnmtfym.html}{\nolinkurl{http://rutherglen.science.mq.edu.au/~maths/notes/wchen/}}\\
\href{http://rutherglen.science.mq.edu.au/~maths/notes/wchen/lnmtfymfolder/lnmtfym.html}{\nolinkurl{lnmtfymfolder/lnmtfym.html}}},
  year =	 2008
}

@Misc{chen08:_multiv_vector_analy,
  language =	 {english},
  author =	 {Chen, William W. L.},
  title =	 {Multivariable and Vector Analysis},
  howpublished = {\\ \url{http://rutherglen.science.mq.edu.au/~maths/notes/wchen/lnmvafolder/lnmva.html}},
  year =	 2008
}

@Misc{cheng04:_how_write_proof,
  language =	 {english},
  author =	 {Cheng, Eugenia},
  title =	 {How to Write Proofs: A Quick Guide},
  howpublished = {\url{http://cheng.staff.shef.ac.uk/proofguide/proofguide.pdf}},
  month =	 oct,
  year =	 2004
}

@Misc{clark14:_honors_calculus,
  language =	 {english},
  author =	 {Clark, Pete L.},
  title =	 {Honors Calculus},
  howpublished = {\url{http://www.math.uga.edu/~pete/2400full.pdf}},
  year =	 2014
}

@Misc{connell04:_elemen_abstr_linear_algeb,
  language =	 {english},
  author =	 {Connell, Edwin H.},
  title =	 {Elements of Abstract and Linear Algebra},
  howpublished = {\url{http://www.math.miami.edu/~ec/book}},
  month =	 mar,
  year =	 2004
}

@Misc{conrad07:_irrationality,
  language =	 {english},
  author =	 {Conrad, Keith},
  title =	 {Irrationality of $\pi$ and $\mathrm{e}$},
  howpublished = {\url{http://www.math.uconn.edu/~troby/Math200S08/piande.pdf}},
  month =	 mar,
  year =	 2007
}

@Misc{conrad08:_sumest,
  language =	 {english},
  author =	 {Conrad, Keith},
  title =	 {Estimating the Size of a Divergent Sum},
  howpublished = {\url{http://www.math.uconn.edu/~kconrad/blurbs/analysis/sumest.pdf}},
  month =	 may,
  year =	 2008
}

@Misc{conrad:_Zp*-cyclic,
  language =	 {english},
  author =	 {Conrad, Keith},
  title =	 {Cyclicity of \(\mathbb{Z}/(p))^\times\)},
  howpublished = {\url{http://www.math.uconn.edu/~kconrad/blurbs/grouptheory/cyclicFp.pdf}}
}

@Misc{cook09:_trans_advan_math,
  language =	 {english},
  author =	 {Cook, James S.},
  title =	 {Lecture Notes for Transition to Advanced Mathematics},
  howpublished = {\url{http://www.supermath.info/math200.pdf}},
  year =	 2009
}

@Misc{coq8.4:_coq_proof_assis,
  key =		 {Coq},
  language =	 {english},
  title =	 {The {C}oq Proof Assistant},
  howpublished = {\url{http://coq.inria.fr}},
  month =	 aug,
  year =	 2012,
  note =	 {Version 8.4}
}

@Misc{curtin98:_snake_oil_warnin_signs,
  language =	 {english},
  author =	 {Curtin, Matt},
  title =	 {Snake Oil Warning Signs:
		  Encryption Software to Avoid},
  howpublished = {\url{http://www.interhack.net/people/cmcurtin/snake-oil-faq.html}},
  month =	 apr,
  year =	 1998
}

@Misc{cusick:_how_write_proofs,
  language =	 {english},
  author =	 {Cusick, Larry W.},
  title =	 {How to Write Proofs},
  howpublished = {\\ \url{http://zimmer.csufresno.edu/~larryc/proofs/proofs.html}}
}

@Misc{davis02:_count_thing,
  language =	 {english},
  author =	 {Davis, Tom},
  title =	 {Counting Things},
  howpublished = {\url{http://mathcircle.berkeley.edu/BMC6/ps0506/counting.pdf}},
  month =	 nov,
  year =	 2002
}

@Misc{davis:_math_induction,
  language =	 {english},
  author =	 {Davis, Tom},
  title =	 {Mathematical Induction},
  howpublished = {\url{http://www.math.utah.edu/mathcircle/notes/induction.pdf}}
}

@Misc{day12:IPaMV,
  language =	 {english},
  author =	 {Day, Martin V.},
  title =	 {An Introduction to Proof and the Mathematical Vernacular},
  howpublished = {\url{http://www.math.vt.edu/people/day/ProofsBook/IPaMV.pdf}},
  month =	 jun,
  year =	 2012
}

@Misc{dempwolff:_algeb_combin,
  language =	 {english},
  author =	 {Dempwolff, Ulrich},
  title =	 {Algebraic Combinatorics},
  howpublished = {\url{http://www.mathematik.uni-kl.de/~dempw/ALGCOM/book_out.pdf}}
}

@Misc{diestel05:_graph_theor,
  language =	 {english},
  author =	 {Diestel, Reinhard},
  title =	 {Graph Theory},
  howpublished = {\url{http://www.math.uni-hamburg.de/home/diestel/books/graph.theory/GraphTheoryIII.pdf}},
  year =	 2005,
  edition =	 {Electronic edition 2005}
}

@Misc{djukic07:_Pell_equation,
  language =	 {english},
  author =	 {Djuki{\'c}, Du{\v{s}}an},
  title =	 {Pell's Equation},
  howpublished = {\url{http://www.imomath.com/tekstkut/pelleqn_ddj.pdf}},
  year =	 2007
}

@Misc{djukic07:_arith_exten_Q,
  language =	 {english},
  author =	 {Djuki{\'c}, Du{\v{s}}an},
  title =	 {Arithmetic in Extensions of \(\mathbb{Q}\)},
  howpublished = {\\ \url{http://www.imomath.com/tekstkut/extensions_ddj.pdf}},
  year =	 2007
}

@Misc{ensenbach11:_latex2e_suendenregister,
  language =	 {german},
  author =	 {Ensenbach, Marc and
		  Trettin, Mark},
  title =	 {Das {\LaTeXe}-{S}{\"u}ndenregister
		  oder {V}eraltete {B}efehle, {P}ackete und andere {F}ehler},
  howpublished = {\url{http://ftp.gwdg.de/pub/ctan/info/l2tabu/german/l2tabu.pdf}},
  month =	 sep,
  year =	 2011,
  note =	 {Version 2.3}
}

@Misc{eppstein05:_nineteen_proofs_Euler,
  language =	 {english},
  author =	 {Eppstein, David},
  title =	 {Nineteen Proofs of {E}uler's Formula:
		  \(V - E + F = 2\)},
  howpublished = {\url{http://www.ics.uci.edu/~eppstein/junkyard/euler}},
  month =	 oct,
  year =	 2005
}

@Misc{ericson11:_algorithms,
  language =	 {english},
  author =	 {Ericson, Jeff},
  title =	 {Algorithms},
  howpublished = {\url{http://www.cs.uiuc.edu/~jeffe/teaching/algorithms/everything.pdf}},
  month =	 jul,
  year =	 2011
}

@Misc{fields12:_GIAM,
  language =	 {english},
  author =	 {Fields, Joseph},
  title =	 {A Gentle Introduction to the Art of Mathematics},
  howpublished = {\url{http://www.southernct.edu/~fields/GIAM}},
  month =	 dec,
  year =	 2012,
  note =	 {Version 3.0}
}

@Misc{finan01:_lectur_notes_discr_mathem,
  language =	 {english},
  author =	 {Finan, Marcel B.},
  title =	 {Lecture Notes in Discrete Mathematics},
  howpublished = {\url{http://faculty.atu.edu/mfinan/main2.pdf}},
  month =	 may,
  year =	 2001
}

@Misc{flajolet02:_analy_combin,
  language =	 {english},
  author =	 {Flajolet, Philippe and
		  Sedgewick, Robert},
  title =	 {Analytic Combinatorics --- Symbolic Combinatorics},
  howpublished = {\url{http://algo.inria.fr/flajolet/Publications/FlSe02.ps.gz}},
  month =	 may,
  year =	 2002
}

@Misc{fleck13:_building_block_theo_CSc,
  language =	 {english},
  author =	 {Fleck, Margaret M.},
  title =	 {Building Blocks for Theoretical Computer Science},
  howpublished = {\url{http://www.cs.uiuc.edu/~mfleck/building-blocks/version-1.3/whole-book.pdf}},
  month =	 jan,
  year =	 2013,
  note =	 {Version 1.3}
}

@Misc{goldwaser08:_lectur_notes_crypt,
  language =	 {english},
  author =	 {Goldwaser, Shafi and
		  Bellare, Mihir},
  title =	 {Lecture Notes on Cryptography},
  howpublished = {\url{http://cseweb.ucsd.edu/~mihir/papers/gb.pdf}},
  year =	 2008
}

@Misc{gordon84:_alice_bob_after_dinner_speech,
  language =	 {english},
  author =	 {Gordon, John},
  title =	 {The {A}lice and {B}ob After Dinner Speech},
  howpublished = {\\ \url{http://downlode.org/Etext/alicebob.html}},
  month =	 apr,
  year =	 1984,
  note =	 {Given at the Zurich Seminar}
}

@Misc{gourdon03:_euler_const,
  language =	 {english},
  author =	 {Gourdon, Xavier and
		  Sebah, Pascal},
  title =	 {The {E}uler Constant: \(\gamma\)},
  howpublished = {\url{http://numbers.computation.free.fr/Constants/Gamma/gamma.html}},
  month =	 feb,
  year =	 2003
}

@Misc{granlund10:_gnu_multip_precis_arith_librar,
  language =	 {english},
  author =	 {Granlund, Torbj{\"o}rn and others},
  title =	 {The {GNU} Multiple Precision Arithmetic Library},
  howpublished = {\url{http://gmplib.org}},
  year =	 2010
}

@Misc{granlund12:_gnu_multip_precis_arith_librar,
  language =	 {english},
  author =	 {Granlund, Torbj{\"o}rn and others},
  title =	 {The {GNU} Multiple Precision Arithmetic Library},
  howpublished = {\url{http://gmplib.org}},
  month =	 may,
  year =	 2012
}

@Misc{granlund13:_gnu_multip_precis_arith_librar,
  language =	 {english},
  author =	 {Granlund, Torbj{\"o}rn and others},
  title =	 {The {GNU} Multiple Precision Arithmetic Library},
  howpublished = {\url{http://gmplib.org}},
  month =	 may,
  year =	 2013,
  note =	 {Version 5.1.3}
}

@Misc{granlund13a:_gnu_multip_precis_arith_librar,
  language =	 {english},
  author =	 {Granlund, Torbj{\"o}rn and others},
  title =	 {The {GNU} Multiple Precision Arithmetic Library},
  howpublished = {\url{http://gmplib.org}},
  month =	 sep,
  year =	 2013
}

@Misc{granlund14:_gnu_multip_precis_arith_librar,
  language =	 {english},
  author =	 {Granlund, Torbj{\"o}rn and others},
  title =	 {The {GNU} Multiple Precision Arithmetic Library,
		  version 6.0.0},
  howpublished = {\url{http://gmplib.org}},
  month =	 mar,
  year =	 2014
}

@Misc{grinstead06:_introd_probab,
  author =	 {Grinstead, Charles M. and
		  Snell, J. Laurie},
  title =	 {Introduction to Probability},
  howpublished = {\url{http://math.dartmouth.edu/~prob/prob/prob.pdf}},
  month =	 jul,
  year =	 2006,
  note =	 {A version of the second edition (MAA) by the CHANCE Project}
}

@Misc{guruswami14:_essen_codin_theory,
  language =	 {english},
  author =	 {Guruswami, Venkatesan and
		  Rudra, Atri and
		  Sudan, Madhu},
  title =	 {Essential Coding Theory},
  howpublished = {\url{http://www.cse.buffalo.edu/~atri/courses/coding-theory/book/index.html}},
  month =	 aug,
  year =	 2014
}

@Manual{haible11:_CLN_1.3.2,
  language =	 {english},
  title =	 {{CLN}, a {C}lass {L}ibrary for {N}umbers},
  author =	 {Haible, Bruno and
		  Kreckel, Richard B.},
  key =		 {CLN},
  month =	 may,
  year =	 2011,
  note =	 {Version 1.3.2},
  url =		 {http://www.ginac.de/CLN}
}

@Manual{haible13:_CLN_1.3.3,
  language =	 {english},
  title =	 {{CLN}, a {C}lass {L}ibrary for {N}umbers},
  author =	 {Haible, Bruno and
		  Kreckel, Richard B.},
  key =		 {CLN},
  month =	 jul,
  year =	 2013,
  note =	 {Version 1.3.3},
  url =		 {http://www.ginac.de/CLN}
}

@Manual{haible14:_CLN_1.3.4,
  language =	 {english},
  title =	 {{CLN}, a {C}lass {L}ibrary for {N}umbers},
  author =	 {Haible, Bruno and
		  Kreckel, Richard B.},
  key =		 {CLN},
  month =	 oct,
  year =	 2014,
  note =	 {Version 1.3.4},
  url =		 {http://www.ginac.de/CLN}
}

@Misc{halpin:_logic_cafe,
  language =	 {english},
  author =	 {Halpin, John F.},
  title =	 {The Logic Caf{\'e}},
  howpublished = {\url{http://thelogiccafe.net}}
}

@Misc{harju04:_lectur_notes_combin_enumer,
  language =	 {english},
  author =	 {Harju, Tero},
  title =	 {Lecture Notes in Combinatorial Enumeration:
		  A Short Course},
  howpublished = {\url{http://users.utu.fi/harju/combinenum/MainEn.pdf}},
  year =	 2004
}

@Misc{harju11:_lect_notes_graph_theory,
  language =	 {english},
  author =	 {Harju, Tero},
  title =	 {Lecture Notes on Graph Theory},
  howpublished = {\url{http://users.utu.fi/harju/graphtheory/graphtheory.pdf}},
  year =	 2011
}

@Misc{hefferon14:_inquir_based_introd_proof,
  author =	 {Hefferon, Jim},
  title =	 {An Inquiry-Based Introduction to Proofs},
  howpublished = {\url{http://joshua.smcvt.edu/proofs}},
  year =	 2014,
  annote =	 {version 1.0}
}

@Misc{heninger12:_factorable_keys,
  language =	 {english},
  author =	 {Heninger, Nadia},
  title =	 {New research:
		  There's No Need to Panic
		  Over Factorable Keys--Just Mind Your {P}s and {Q}s},
  howpublished = {\url{http://freedom-to-tinker.com/blog/nadiah/new-research-theres-no-need-panic-over-factorable-keys-just-mind-your-ps-and-qs}},
  month =	 feb,
  year =	 2012,
  annote =	 {Check for final paper!}
}

@Misc{herrmann06:_logic_every,
  language =	 {english},
  author =	 {Herrmann, Robert A.},
  title =	 {Logic for Everyone},
  howpublished = {\url{http://arxiv.org/abs/math/0601709v1}},
  month =	 jan,
  year =	 2006
}

@Misc{horvath13:_lectur_notes_colleg_discr_mathem,
  language =	 {english},
  author =	 {Horv{\'a}th, G{\'a}bor and
		  Tengely, Szabolcs},
  title =	 {Lecture Notes for College Discrete Mathematics},
  howpublished = {\url{http://www.math.unideb.hu/~ghorvath/publications/CollDiscrMath.pdf}},
  year =	 2013
}

@Misc{huczynska11:_finite_fields,
  language =	 {english},
  author =	 {Huczynska, Sophie and
		  Neunh{\"o}ffer, Max},
  title =	 {Finite Fields},
  howpublished = {\url{http://www-circa.mcs.st-and.ac.uk/~neunhoef/Teaching/ff2012/ff2012.pdf}},
  note =	 {Lecture notes for MT~5826 Finite Fields},
  year =	 2011
}

@Misc{huczynska13:_finite_fields,
  language =	 {english},
  author =	 {Huczynska, Sophie and
		  Neunh{\"o}ffer, Max},
  title =	 {Finite Fields},
  howpublished = {\url{http://www-circa.mcs.st-and.ac.uk/~neunhoef/Teaching/ff2013/ff2013.pdf}},
  note =	 {Lecture notes for MT~5826 Finite Fields},
  year =	 2013
}

@Misc{joyner97:_math_Rubik_cube,
  language =	 {english},
  author =	 {Joyner, W. David},
  title =	 {Mathematics of the {R}ubik's Cube},
  howpublished = {\url{http://www.permutationpuzzles.org/rubik/webnotes/rubik.pdf}},
  year =	 1997
}

@Misc{kedlaya02:_this_talk_under_const,
  language =	 {english},
  author =	 {Kedlaya, Kiran S.},
  title =	 {This Talk is Under Construction},
  howpublished = {\url{http://mathcircle.berkeley.edu/BMC4/Handouts/construction.pdf}},
  year =	 2002
}

@Misc{keller14:_applied_combin,
  language =	 {english},
  author =	 {Keller, Mitchel T. and
		  Trotter, William T.},
  title =	 {Applied Combinatorics},
  howpublished = {\url{http://people.math.gatech.edu/~trotter/book.pdf}},
  month =	 jan,
  year =	 2014,
  note =	 {Preliminary Edition}
}

@Misc{kerl04:_comp_finite_fields,
  language =	 {english},
  author =	 {Kerl, John},
  title =	 {Computation in Finite Fields},
  howpublished = {\url{http://www.johnkerl.org/doc/ffcomp.pdf}},
  month =	 apr,
  year =	 2004
}

@Misc{kitware11:_collab_class,
  language =	 {english},
  key =		 {vtkAssemblyPaths},
  organization = {Kitware},
  title =	 {Collaboration Diagram for
		  {\texttt{vtkAssemblyPaths}} Class},
  howpublished = {\url{http://www.vtk.org/doc/nightly/html/classvtkAssemblyPaths.html}},
  month =	 jun,
  year =	 2011,
  annote =	 {Creative Commons Attribution -- No Derivs 3.0 Unported
		  License}
}

@Misc{klein11:_l4,
  language =	 {english},
  author =	 {Klein, Gerwin},
  title =	 {The {L}4.verified Project},
  howpublished = {\\ \url{http://ertos.nicta.com.au/research/l4.verified}},
  year =	 2011
}

@Misc{klostermeyer:_discr_mathem_probl,
  language =	 {english},
  author =	 {Klostermeyer, William F.},
  title =	 {Discrete Mathematics Problems},
  howpublished = {\url{https://www.unf.edu/~wkloster/3100/problems.pdf}}
}

@Misc{knuth63:_notes_open_addressing,
  language =	 {english},
  author =	 {Knuth, Donald E.},
  title =	 {Notes on ``Open'' Addressing},
  howpublished = {\url{ftp://ftp.inria.fr/INRIA/Projects/algo/web/AofA/Research/src/first.ps.gz}},
  year =	 1963
}

@Misc{knuth87:_math_writing,
  language =	 {english},
  author =	 {Knuth, Donald E. and
		  Larrabee, Tracy and
		  Roberts, Paul M.},
  title =	 {Mathematical Writing},
  year =	 1987,
  howpublished = {\url{http://tex.loria.fr/typographie/mathwriting.pdf}}
}

@Misc{kohler:_latex_usage_notes,
  language =	 {english},
  author =	 {Kohler, Eddie},
  title =	 {{\LaTeX} Usage Notes},
  howpublished = {\url{http://www.read.seas.harvard.edu/~kohler/latex.html}}
}

@Misc{krantz07:_guide_compl_variab,
  language =	 {english},
  author =	 {Krantz, Steven G.},
  title =	 {A Guide to Complex Variables},
  howpublished = {\url{http://www.math.wustl.edu/~sk/books/guide.pdf}},
  month =	 oct,
  year =	 2007
}

@Misc{kroese09:_short_introd_probab,
  language =	 {english},
  author =	 {Kroese, Dirk P.},
  title =	 {A Short Introduction to Probability},
  howpublished = {\url{http://www.maths.uq.edu.au/~kroese/asitp.pdf}},
  year =	 2009
}

@Misc{lambrou:_math_induction,
  language =	 {english},
  author =	 {Lambrou, Michael},
  title =	 {Mathematical Induction},
  howpublished = {MATHEU Project},
  where =	 {http://server.math.uoc.gr/~tzanakis/Courses/NumberTheory/MathInduction.pdf}
}

@Misc{lawson10:_dsa_req_random_value,
  language =	 {english},
  author =	 {Lawson, Nate},
  title =	 {{DSA} Requirements for Random \(k\) Value},
  howpublished = {\\ \url{http://rdist.root.org/2010/11/19/dsa-requirements-for-random-k-value}},
  month =	 nov,
  year =	 2010
}

@Misc{lee12:_remark_writing_proofs,
  language =	 {english},
  author =	 {Lee, John M.},
  title =	 {Some Remarks on Writing Mathematical Proofs},
  howpublished = {\url{http://www.math.washington.edu/~lee/Writing/writing-proofs.pdf}},
  month =	 mar,
  year =	 2012
}

@Misc{lehman10:_mathem_comput_scien,
  language =	 {english},
  author =	 {Lehman, Eric and
		  Leighton, F. Thomson and
		  Meyer, Albert R.},
  title =	 {Mathematics for {C}omputer {S}cience},
  howpublished = {\url{http://courses.csail.mit.edu/6.042/fall10/mcs-ftl.pdf}},
  month =	 sep,
  year =	 2010
}

@Misc{lehman12:_mathem_comput_scien,
  language =	 {english},
  author =	 {Lehman, Eric and
		  Leighton, F. Thomson and
		  Meyer, Albert R.},
  title =	 {Mathematics for {C}omputer {S}cience},
  howpublished = {\url{http://courses.csail.mit.edu/6.042/spring12/mcs.pdf}},
  month =	 nov,
  year =	 2012
}

@Misc{lehman13:_mathem_comput_scien,
  language =	 {english},
  author =	 {Lehman, Eric and
		  Leighton, F. Thomson and
		  Meyer, Albert R.},
  title =	 {Mathematics for {C}omputer {S}cience},
  howpublished = {\url{http://courses.csail.mit.edu/6.042/fall13/mcs.pdf}},
  month =	 oct,
  year =	 2013
}

@Misc{lehman14:_mathem_comput_scien,
  language =	 {english},
  author =	 {Lehman, Eric and
		  Leighton, F. Thomson and
		  Meyer, Albert R.},
  title =	 {Mathematics for {C}omputer {S}cience},
  howpublished = {\url{http://courses.csail.mit.edu/6.042/spring14/mcs.pdf}},
  month =	 sep,
  year =	 2014
}

@Misc{lehman15:_mathem_comput_scien,
  language =	 {english},
  author =	 {Lehman, Eric and
		  Leighton, F. Thomson and
		  Meyer, Albert R.},
  title =	 {Mathematics for {C}omputer {S}cience},
  howpublished = {\url{http://courses.csail.mit.edu/6.042/spring15/mcs.pdf}},
  month =	 feb,
  year =	 2015
}

@Misc{leighton96:_notes_better_master_theo,
  language =	 {english},
  author =	 {Leighton, Tom},
  title =	 {Notes on Better Master Theorems
		  for Divide-and-Conquer Recurrences},
  howpublished = {\url{http://citeseer.ist.psu.edu/252350.html}},
  year =	 1996,
  doi =		 {10.1.1.39.1636}
}

@Misc{lemmermeyer99:_qzk,
  language =	 {german},
  author =	 {Lemmermeyer, Franz},
  title =	 {Quadratische {Z}ahlk{\"o}rper {S}chnupperkurs},
  howpublished = {\url{http://www.rzuser.uni-heidelberg.de/~hb3/publ/qzk.pdf}},
  year =	 1999
}

@Misc{levin02:_rule_signs,
  language =	 {english},
  author =	 {Levin, Stewart A.},
  title =	 {Descartes' Rule of Signs -- How Hard Can It Be?},
  howpublished = {\url{http://sepwww.stanford.edu/oldsep/stew/descartes.pdf}},
  month =	 nov,
  year =	 2002
}

@Misc{lumbroso13:_gentl_introd_analy_combin,
  language =	 {english},
  author =	 {Lumbroso, J{\'e}r{\'e}mie and
		  Morcrette, Basile},
  title =	 {A Gentle Introduction to Analytic Combinatorics},
  howpublished = {\url{http://lipn.univ-paris13.fr/~nicodeme/nablus14/nafiles/gentle.pdf}},
  month =	 sep,
  year =	 2013
}

@Misc{lynn:_wallis_product,
  language =	 {english},
  author =	 {Lynn, Ben},
  title =	 {The {W}allis Product},
  howpublished = {\\ \url{http://crypto.stanford.edu/pbc/notes/pi/wallis.html}}
}

@Misc{macgillivray:_discr_math_study_mater,
  language =	 {english},
  author =	 {MacGillivray, Gary},
  title =	 {Discrete Math Study Materials},
  howpublished = {\url{http://www.math.uvic.ca/faculty/gmacgill/guide/index.html}}
}

@Misc{martinez11:_anal_comb,
  language =	 {english},
  author =	 {Mart{\'\i}nez, Conrado},
  title =	 {Analytic Combinatorics: A Primer},
  howpublished = {\url{http://www.lsi.upc.edu/~conrado/docencia/udelar-course-2011.pdf}},
  month =	 apr,
  year =	 2011,
  note =	 {Universitat Polit{\`e}cnica de Catalunya}
}

@Misc{martinez12:_aplic_analy_combin_analy_algor,
  language =	 {english},
  author =	 {Mart{\'\i}nez, Conrado},
  title =	 {Aplications of Analytic Combinatorics
		  to the Analysis of Algorithms:
		  An Introduction},
  howpublished = {\url{http://lipn.univ-paris13.fr/~nicodeme/nablus14/nafiles/latinschool.pdf}},
  month =	 apr,
  year =	 2012,
  note =	 {First Latin American School of Theoretical Informatics,
		  Arequipa, Per{\'u}}
}

@Misc{maxima09:_computer_algebra,
  key =		 {Maxima},
  language =	 {english},
  title =	 {Maxima, a Computer Algebra System},
  howpublished = {\url{http://maxima.sourceforge.net}},
  year =	 2009,
  note =	 {Version 5.18.1}
}

@Misc{maxima11:_computer_algebra,
  key =		 {Maxima},
  language =	 {english},
  title =	 {Maxima, a Computer Algebra System},
  howpublished = {\url{http://maxima.sourceforge.net}},
  month =	 apr,
  year =	 2011,
  note =	 {Version 5.24.0}
}

@Misc{maxima11a:_computer_algebra,
  key =		 {Maxima},
  language =	 {english},
  title =	 {Maxima, a Computer Algebra System},
  howpublished = {\url{http://maxima.sourceforge.net}},
  month =	 dec,
  year =	 2011,
  note =	 {Version 5.26.0}
}

@Misc{maxima12:_computer_algebra,
  key =		 {Maxima},
  language =	 {english},
  title =	 {Maxima, a Computer Algebra System},
  howpublished = {\url{http://maxima.sourceforge.net}},
  month =	 may,
  year =	 2012,
  note =	 {Version 5.27.0}
}

@Misc{maxima12a:_computer_algebra,
  key =		 {Maxima},
  language =	 {english},
  title =	 {Maxima, a Computer Algebra System},
  howpublished = {\url{http://maxima.sourceforge.net}},
  month =	 aug,
  year =	 2012,
  note =	 {Version 5.28.0}
}

@Misc{maxima13a:_computer_algebra,
  key =		 {Maxima},
  language =	 {english},
  title =	 {Maxima, a Computer Algebra System},
  howpublished = {\url{http://maxima.sourceforge.net}},
  month =	 oct,
  year =	 2013,
  note =	 {Version 5.31.3}
}

@Misc{maxima14:_computer_algebra,
  key =		 {Maxima},
  language =	 {english},
  title =	 {Maxima, a Computer Algebra System},
  howpublished = {\url{http://maxima.sourceforge.net}},
  month =	 apr,
  year =	 2014,
  note =	 {Version 5.33.0}
}

@Misc{maxima14a:_computer_algebra,
  key =		 {Maxima},
  language =	 {english},
  title =	 {Maxima, a Computer Algebra System},
  howpublished = {\url{http://maxima.sourceforge.net}},
  month =	 sep,
  year =	 2014,
  note =	 {Version 5.34.1}
}

@Misc{maxima14b:_computer_algebra,
  key =		 {Maxima},
  language =	 {english},
  title =	 {Maxima, a Computer Algebra System},
  howpublished = {\url{http://maxima.sourceforge.net}},
  month =	 dec,
  year =	 2014,
  note =	 {Version 5.35.1}
}

@Misc{meyer10:_6.042J,
  language =	 {english},
  author =	 {Meyer, Albert R.},
  title =	 {6.042J Mathematics for Computer Science, Spring 2010},
  howpublished = {\url{http://ocw.mit.edu/courses/electrical-engineering-and-computer-science/6-042j-mathematics-for-computer-science-spring-2010/index.htm}},
  year =	 2010
}

@Misc{mignotte02:_estim_polyn_roots_lagran,
  language =	 {english},
  author =	 {Mignotte, Maurice and
		  {\c S}tef{\u a}nescu, Doru},
  title =	 {On an Estimation of Polynomial Roots by {L}agrange},
  howpublished = {\url{http://cds.cern.ch/record/851789/files/cer-002534948.ps.gz?version=1}},
  year =	 2002
}

@Misc{mildorf10:_olymp_number_theory,
  language =	 {english},
  author =	 {Mildorf, Thomas J.},
  title =	 {Olympiad Number Theory: An Abstract Perspective},
  howpublished = {\url{http://www.artofproblemsolving.com/Resources/Papers/MildorfNT.pdf}},
  month =	 jun,
  year =	 2010,
  annote =	 {Uses algebra extensively}
}

@Misc{mill:_drawing_good_look_trees,
  language =	 {english},
  author =	 {Mill, Bill},
  title =	 {Drawing Good-Looking Trees},
  howpublished = {\url{http://billmill.org/pymag-trees}}
}

@Misc{mills99:_use_italic_roman_fonts_symbol_scien_text,
  language =	 {english},
  author =	 {Mills, I. M. and
		  Metanomski, W. V.},
  title =	 {Use of Italic and Roman Fonts for Symbols
		  in Scientific Text},
  howpublished = {\url{http://www.iupac.org/nc/home/publications/technical-reports/guidelines-for-drafting-reports/8-use-of-i.html?sword_list[]=text}},
  month =	 dec,
  year =	 1999
}

@Misc{milne12:_algeb_number_theory,
  language =	 {english},
  author =	 {Milne, James S.},
  title =	 {Algebraic Number Theory},
  howpublished = {\url{http://www.jmilne.org/math/CourseNotes/ANT.pdf}},
  month =	 apr,
  year =	 2012
}

@Misc{milne12:_field_galois_theory,
  language =	 {english},
  author =	 {Milne, James S.},
  title =	 {Fields and {G}alois Theory},
  howpublished = {\url{http://www.jmilne.org/math/CourseNotes/FT.pdf}},
  month =	 apr,
  year =	 2012
}

@Misc{milne12:_primer_commut_algeb,
  language =	 {english},
  author =	 {Milne, James S.},
  title =	 {A Primer of Commutative Algebra},
  howpublished = {\url{http://www.jmilne.org/math/xnotes/CA.pdf}},
  month =	 apr,
  year =	 2012
}

@Misc{milne13:_field_galois_theory,
  language =	 {english},
  author =	 {Milne, James S.},
  title =	 {Fields and {G}alois Theory (v4.40)},
  howpublished = {\url{http://www.jmilne.org/math/CourseNotes/FT.pdf}},
  month =	 mar,
  year =	 2013
}

@Misc{milne13:_group_theory,
  language =	 {english},
  author =	 {Milne, James S.},
  title =	 {Group Theory (v3.13)},
  howpublished = {\url{http://www.jmilne.org/math/CourseNotes/GT.pdf}},
  month =	 mar,
  year =	 2013
}

@Misc{milne14:_field_galois_theory,
  language =	 {english},
  author =	 {Milne, James S.},
  title =	 {Fields and {G}alois Theory (v4.50)},
  howpublished = {\url{http://www.jmilne.org/math/CourseNotes/FT.pdf}},
  month =	 mar,
  year =	 2014
}

@Misc{mitchell12:_rings_fields,
  language =	 {english},
  author =	 {Mitchell, J. D. and
		  Maltcev, V. and
		  Neunh{\"o}ffer, Max},
  title =	 {{MT}4517 Rings and Fields},
  howpublished = {\url{http://www-circa.mcs.st-and.ac.uk/~neunhoef/Teaching/MT4517_2010/lnotesMT4517.pdf}},
  year =	 2012,
  note =	 {Lecture notes for MT~4717 Rings and Fields}
}

@Misc{morris13:_proof_concepts,
  language =	 {english},
  author =	 {Morris, Dave W. and
		  Morris, Joy},
  title =	 {Proofs and Concepts:
		  The Fundamentals of Abstract Mathematics},
  howpublished = {\url{http://people.uleth.ca/~dave.morris/books/proofs+concepts.pdf}},
  month =	 nov,
  year =	 2013,
  note =	 {Preliminary version 0.86}
}

@Misc{murphy12:_finit_fields,
  language =	 {english},
  author =	 {Murphy, Timothy},
  title =	 {Finite Fields --- {C}ourse {MA346D} -- {P}art {I}},
  howpublished = {\url{http://www.maths.tcd.ie/pub/Maths/Courseware/373/GF.pdf}},
  month =	 jan,
  year =	 2012,
  annote =	 {University of Dublin Trinity College}
}

@Book{nienhuys12:_combin,
  language =	 {english},
  author =	 {Nienhuys, J. W.},
  title =	 {de {B}ruijn's Combinatorics},
  publisher =	 {viXra},
  year =	 2012,
  month =	 mar,
  url =		 {http://vixra.org/abs/1208.0223}
}

@Misc{novakovic07:_gener_func,
  language =	 {english},
  author =	 {Novakovi{\'c}, Milan},
  title =	 {Generating Functions},
  howpublished = {\url{http://www.imomath.com/tekstkut/genf_mn.pdf}},
  year =	 2007
}

@Misc{nzimo,
  key =		 {NZIMO},
  language =	 {english},
  title =	 {{New} {Zealand} {Maths} {Olympiad} {Commitee} Online},
  howpublished = {\url{http://www.mathsolympiad.org.nz}}
}

@Misc{oconnor00:_koenigsberg_bridges,
  language =	 {english},
  author =	 {O'Connor, John and
		  Robertson, Edmund F.},
  title =	 {K{\"o}nigsberg Bridges},
  howpublished = {\url{http://www-history.mcs.st-andrews.ac.uk/Extras/Konigsberg.html}},
  month =	 mar,
  year =	 2000,
  annote =	 {Images are presumably in the public domain}
}

@Misc{offner07:_finite_field_pseudo_random_number_gener,
  language =	 {english},
  author =	 {Offner, Carl D.},
  title =	 {Finite Fields and Pseudo-Random Number Generation},
  howpublished = {\url{http://www.cs.umb.edu/~offner/files/random.pdf}},
  month =	 feb,
  year =	 2007
}

@Misc{offner07:_some_early_analy_number_theor,
  language =	 {english},
  author =	 {Offner, Carl D.},
  title =	 {Some Early Analytic Number Theory},
  howpublished = {\url{http://www.cs.umb.edu/~offner/files/an_num_th.pdf}},
  month =	 feb,
  year =	 2007
}

@Misc{offner13:_notes_graph_algor_udes_optim_compil,
  language =	 {english},
  author =	 {Offner, Carl D.},
  title =	 {Notes on Graph Algorithms Udes in Optimizing Compilers},
  howpublished = {\url{http://www.cs.umb.edu/~offner/files/flow_graph.pdf}},
  month =	 mar,
  year =	 2013
}

@Misc{oggier11:_algeb_method,
  language =	 {english},
  author =	 {Oggier, Fr{\'e}d{\'e}rique},
  title =	 {Algebraic Methods},
  howpublished = {\url{http://www1.spms.ntu.edu.sg/~frederique/AA11.pdf}},
  month =	 nov,
  year =	 2011,
  annote =	 {Nice historic discussion too}
}

@Misc{oliveira11:_goldb_conject_verif,
  language =	 {english},
  author =	 {Oliveira e Silva, Tom{\'a}s},
  title =	 {Goldbach Conjecture Verification},
  howpublished = {\\ \url{http://www.ieeta.pt/~tos/goldbach.html}},
  month =	 may,
  year =	 2011
}

@Misc{oliveira12a:_goldb_conject_verif,
  language =	 {english},
  author =	 {Oliveira e Silva, Tom{\'a}s},
  title =	 {Goldbach Conjecture Verification},
  howpublished = {\\ \url{http://www.ieeta.pt/~tos/goldbach.html}},
  month =	 jun,
  year =	 2012
}

@Misc{oliveira12b:_goldb_conject_verif,
  language =	 {english},
  author =	 {Oliveira e Silva, Tom{\'a}s},
  title =	 {Goldbach Conjecture Verification},
  howpublished = {\\ \url{http://www.ieeta.pt/~tos/goldbach.html}},
  month =	 sep,
  year =	 2012
}

@Misc{oliveira13a:_goldb_conject_verif,
  language =	 {english},
  author =	 {Oliveira e Silva, Tom{\'a}s},
  title =	 {Goldbach Conjecture Verification},
  howpublished = {\\ \url{http://www.ieeta.pt/~tos/goldbach.html}},
  month =	 may,
  year =	 2013
}

@Misc{parberry01:_lectur_notes_algor_analy_comput,
  language =	 {english},
  author =	 {Parberry, Ian},
  title =	 {Lecture Notes on Algorithm Analysis
		  and Computational Complexity (Fourth Edition)},
  howpublished = {\url{http://larc.unt.edu/ian/books/free/lnoa.pdf}},
  month =	 dec,
  year =	 2001
}

@Misc{parberry02:_probl_algor,
  language =	 {english},
  author =	 {Parberry, Ian and
		  Gasarch, William},
  title =	 {Problems on Algorithms (Second Edition)},
  howpublished = {\url{http://larc.unt.edu/ian/books/free/poa.pdf}},
  month =	 jul,
  year =	 2002
}

@Misc{perez04:_curso_analisis_complejo,
  language =	 {spanish},
  author =	 {P{\'e}rez, Francisco Javier},
  title =	 {Curso de An{\'a}lisis Complejo},
  howpublished = {\url{http://www.ugr.es/~fjperez/textos/funciones_variable_compleja.pdf}},
  month =	 jun,
  year =	 2004,
  note =	 {Universidad de Granada, Espa{\~n}a}
}

@Misc{poonen98:_linear_recur_sequen,
  language =	 {english},
  author =	 {Poonen, Bjorn},
  title =	 {Linear Recursive Sequences},
  howpublished = {\url{http://mathcircle.berkeley.edu/BMC6/ps/linear.pdf}},
  month =	 oct,
  year =	 1998
}

@Misc{poonen99:_infinity,
  language =	 {english},
  author =	 {Poonen, Bjorn},
  title =	 {Infinity: Cardinal Numbers},
  howpublished = {\url{http://mathcircle.berkeley.edu/archivedocs/1998_1999/lectures/9899lecturepdf/Bjorn2.pdf}},
  month =	 feb,
  year =	 1999
}

@Misc{poritz14:_yaintt,
  language =	 {english},
  author =	 {Poritz, Jonathan A.},
  title =	 {Yet Another Introductory Number Theory Textbook},
  howpublished = {\url{http://www.poritz.net/jonathan/share/yaintt/}},
  month =	 may,
  year =	 2014
}

@Misc{proctor07:_expanding_twelvefold_way,
  language =	 {english},
  author =	 {Proctor, Robert A.},
  title =	 {Let's Expand {R}ota's Twelvefold Way
		  for Counting Partitions!},
  howpublished = {\url{http://arxiv.org/abs/math/0606404}},
  month =	 apr,
  year =	 2007
}

@Misc{raji13:_introd_cours_elemen_number_theory,
  language =	 {english},
  author =	 {Raji, Wissam},
  title =	 {An Introductory Course in Elementary Number Theory},
  howpublished = {\url{http://www.saylor.org/books}},
  month =	 may,
  year =	 2013
}

@Misc{riedel09:_enumer_theor_symbol_method,
  language =	 {english},
  author =	 {Riedel, Marko R.},
  title =	 {P{\'o}lya's Enumeration Theorem and the Symbolic Method},
  howpublished = {\url{http://www.mathematik.uni-stuttgart.de/~riedelmo/papers/collier.pdf}},
  month =	 nov,
  year =	 2009
}

@Misc{santos07:_differ_calcul_gener_funct,
  language =	 {english},
  author =	 {Santos, David A.},
  title =	 {Difference Calculus and Generating Functions},
  howpublished = {\url{http://www.opensourcemath.org/books/santos/santos-difference_calculus_generating_functions.pdf}},
  month =	 jul,
  year =	 2007
}

@Misc{santos07:_more_discr_mathem,
  language =	 {english},
  author =	 {Santos, David A.},
  title =	 {More Discrete Mathematics},
  howpublished = {\url{http://www.opensourcemath.org/books/santos/discrete_math_lecture_notes2.pdf}},
  year =	 2007
}

@Misc{santos07:_number_theo_math_contests,
  language =	 {english},
  author =	 {Santos, David A.},
  title =	 {Number Theory for Mathematical Contests},
  howpublished = {\url{http://www.opensourcemath.org/books/santos/santos-number-theory.pdf}},
  month =	 oct,
  year =	 2007
}

@Misc{santos08:_discr_mathem_notes,
  language =	 {english},
  author =	 {Santos, David A.},
  title =	 {Discrete Mathematics Notes},
  howpublished = {\url{http://www.opensourcemath.org/books/santos/discrete_math_lecture_notes2.pdf}},
  month =	 jul,
  year =	 2008
}

@Misc{sato95:_number_theor,
  language =	 {english},
  author =	 {Sato, Naoki},
  title =	 {Number Theory},
  howpublished = {\url{http://www.artofproblemsolving.com/Resources/Papers/SatoNT.pdf}},
  year =	 1995,
  annote =	 {Mostly Olympiad problems}
}

@Misc{schwartz14:_cs103,
  language =	 {english},
  author =	 {Schwartz, Keith},
  title =	 {{CS}-103: Mathematical Foundations of Computing},
  howpublished = {\url{http://web.stanford.edu/class/cs103/notes/Mathematical%20Foundations%20of%20Computing.pdf}},
  month =	 {Fall},
  year =	 2014
}

@Misc{secg00:_sec1,
  language =	 {english},
  key =		 {SECG00:_sec1},
  organization = {{Certicom Research}},
  title =	 {{SEC1}: Elliptic Curve Cryptography},
  howpublished = {\url{http://www.secg.org/download/aid-385/sec1_final.pdf}},
  note =	 {Standards for Efficient Cryptography (SEC)},
  month =	 sep,
  year =	 2000
}

@Misc{secg00:_sec2,
  language =	 {english},
  key =		 {SECG00:_sec2},
  organization = {{Certicom Research}},
  title =	 {{SEC2}: Recommended Elliptic Curve Domain Parameters},
  howpublished = {\url{http://www.secg.org/download/aid-385/sec2_final.pdf}},
  note =	 {Standards for Efficient Cryptography (SEC)},
  month =	 sep,
  year =	 2000
}

@Misc{secg09:_sec1,
  language =	 {english},
  key =		 {SECG09:_sec1},
  organization = {{Certicom Research}},
  title =	 {{SEC1}: Elliptic Curve Cryptography,
		  version 2.0},
  howpublished = {\\ \url{http://www.secg.org/download/aid-780/sec1-v2.pdf}},
  note =	 {Standards for Efficient Cryptography (SEC)},
  month =	 may,
  year =	 2009
}

@Misc{secg10:_sec2,
  language =	 {english},
  key =		 {SECG10:_sec2},
  organization = {{Certicom Research}},
  title =	 {{SEC2}: Recommended Elliptic Curve Domain Parameters,
		  version 2.0},
  howpublished = {\url{http://www.secg.org/download/aid-784/sec2-v2.pdf}},
  note =	 {Standards for Efficient Cryptography (SEC)},
  month =	 jan,
  year =	 2010
}

@InCollection{sep-disjunction,
  language =	 {english},
  author =	 {Jennings, Ray and
		  Hartline, Andrew},
  title =	 {Disjunction},
  booktitle =	 {The Stanford Encyclopedia of Philosophy},
  publisher =	 {Center for the Study of Language and Information,
		  Stanford University},
  editor =	 {Zalta, Edward N.},
  howpublished = {\url{http://plato.stanford.edu/archives/sum2013/entries/disjunction}},
  year =	 2013,
  edition =	 {Summer 2009},
}

@Misc{sethuraman12:_giaa,
  language =	 {english},
  author =	 {Sethuraman, B. A.},
  title =	 {A Gentle Introduction to Abstract Algebra},
  howpublished = {\url{http://www.csun.edu/~asethura/giaa/giaa.pdf}},
  year =	 2012
}

@Misc{shoup09:_ntl,
  language =	 {english},
  author =	 {Shoup, Victor},
  title =	 {{NTL}: A Library for Doing Number Theory,
		  Version 5.5.2},
  month =	 aug,
  year =	 2009,
  howpublished = {\url{http://www.shoup.net/ntl}}
}

@Misc{shoup13:_ntl,
  language =	 {english},
  author =	 {Shoup, Victor},
  title =	 {{NTL}: A Library for Doing Number Theory,
		  Version 6.0.0},
  month =	 feb,
  year =	 2013,
  howpublished = {\url{http://www.shoup.net/ntl}}
}

@Misc{shoup14:_ntl,
  language =	 {english},
  author =	 {Shoup, Victor},
  title =	 {{NTL}: A Library for Doing Number Theory,
		  Version 6.2.1},
  month =	 aug,
  year =	 2014,
  howpublished = {\url{http://www.shoup.net/ntl}}
}

@Misc{sloane:_OEIS,
  key =		 {OEIS},
  language =	 {english},
  author =	 {Sloane, Neil J. A.},
  title =	 {{O}nline {E}ncyclopedia of {I}nteger {S}equences},
  howpublished = {\url{http://oeis.org}}
}

@Misc{soicher04:_algor_mathem,
  language =	 {english},
  author =	 {Soicher, Leonard and
		  Vivaldi, Franco},
  title =	 {Algorithmic Mathematics},
  howpublished = {\url{http://www.maths.qmul.ac.uk/~leonard/ambook.pdf}},
  month =	 jan,
  year =	 2004
}

@Misc{sprugnoli06:_intro_math_method_combin,
  language =	 {english},
  author =	 {Sprugnoli, Renzo},
  title =	 {An Introduction to Mathematical Methods in Combinatorics},
  howpublished = {\url{http://www.dsi.unifi.it/~resp/Handbook.pdf}},
  month =	 jan,
  year =	 2006,
  note =	 {Dipartimento di Sistemi e Informatica,
		  Universit{\` a} degli Studi di Firenze}
}

@Misc{staats14:_asymptote_tutorial,
  language =	 {english},
  author =	 {Staats III, Charles},
  title =	 {An {A}symptote Tutorial},
  howpublished = {\url{http://math.uchicago.edu/~cstaats/Charles_Staats_III/Notes_and_papers_files/asymptote_tutorial.pdf}},
  month =	 may,
  year =	 2014
}

@Misc{stanley09:_bijective_proof_probl,
  language =	 {english},
  author =	 {Stanley, Richard P.},
  title =	 {Bijective Proof Problems},
  howpublished = {\url{http://www-math.mit.edu/~rstan/bij.pdf}},
  month =	 aug,
  year =	 2009
}

@Misc{stanley09:_survey_alter_permut,
  language =	 {english},
  author =	 {Stanley, Richard P.},
  title =	 {A Survey of Alternating Permutations},
  howpublished = {\href{arXiv:0912.4240 [math.CO]}{http://arxiv.org/pdf/0912.4240v1.pdf}},
  month =	 dec,
  year =	 2009
}

@Misc{stanley12:_catalan_addendum,
  language =	 {english},
  author =	 {Stanley, Richard P.},
  title =	 {Catalan Addendum},
  howpublished = {\url{http://www-math.mit.edu/~rstan/ec/catadd.pdf}},
  month =	 jul,
  year =	 2012
}

@Misc{stanley13:_catalan_addendum,
  language =	 {english},
  author =	 {Stanley, Richard P.},
  title =	 {Catalan Addendum},
  howpublished = {\url{http://www-math.mit.edu/~rstan/ec/catadd.pdf}},
  month =	 may,
  year =	 2013
}

@Misc{stanley98:_exercises-catalan,
  language =	 {english},
  author =	 {Stanley, Richard P.},
  title =	 {Exercises on {C}atalan and Related Numbers,
		  excerpted from {E}numerative Combinatorics, vol. 2},
  howpublished = {\url{http://www-math.mit.edu/~rstan/ec/catalan.pdf}},
  month =	 jun,
  year =	 1998
}

@Misc{stein13:_Sage-5.12,
  language =	 {english},
  author =	 {Stein, William},
  title =	 {Sage Open-Source Mathematical Software System},
  howpublished = {\url{http://sagemath.org}},
  month =	 oct,
  year =	 2013,
  note =	 {Version 5.12}
}

@Misc{stein14:_Sage-6.3,
  language =	 {english},
  author =	 {Stein, William},
  title =	 {Sage Open-Source Mathematical Software System},
  howpublished = {\url{http://sagemath.org}},
  month =	 aug,
  year =	 2014,
  note =	 {Version 6.3}
}

@Misc{sundstrom12:_mathem_reason,
  language =	 {english},
  author =	 {Sundstrom, Ted},
  title =	 {Mathematical Reasoning: Writing and Proof},
  howpublished = {\url{https://sites.google.com/site/mathematicalreasoning3ed}},
  year =	 2012
}

@Misc{sundstrom14:_mathem_reason,
  language =	 {english},
  author =	 {Sundstrom, Ted},
  title =	 {Mathematical Reasoning: Writing and Proof},
  howpublished = {\url{http://scholarworks.gvsu.edu/books/9}},
  month =	 jun,
  year =	 2014,
  note =	 {Version 2.0}
}

@Misc{treibergs01:_geom_persp_draw,
  language =	 {english},
  author =	 {Treibergs, Andrejs},
  title =	 {The Geometry of Perspective Drawing},
  howpublished = {\url{http://www.math.utah.edu/~treiberg/Perspect/Perspect.htm}},
  month =	 jul,
  year =	 2001
}

@Misc{treil11:_linear_algeb_done_wrong,
  language =	 {english},
  author =	 {Treil, Sergei},
  title =	 {Linear Algebra Done Wrong},
  howpublished = {\url{http://www.math.brown.edu/~treil/papers/LADW/LADW.html}},
  month =	 jul,
  year =	 2011
}

@Misc{treil14:_linear_algeb_done_wrong,
  language =	 {english},
  author =	 {Treil, Sergei},
  title =	 {Linear Algebra Done Wrong},
  howpublished = {\url{http://www.math.brown.edu/~treil/papers/LADW/LADW.html}},
  month =	 sep,
  year =	 2014
}

@Misc{tuffley09:_induction,
  language =	 {english},
  author =	 {Tuffley, Chris},
  title =	 {Induction},
  howpublished = {\\ \url{http://www.mathsolympiad.org.nz/wp-content/uploads/2009/03/induction.pdf}},
  month =	 mar,
  year =	 2009
}

@Misc{tuffley09:_princ_inclus_exclus,
  language =	 {english},
  author =	 {Tuffley, Chris},
  title =	 {The Principle of Inclusion and Exclusion},
  howpublished = {\url{http://www.mathsolympiad.org.nz/wp-content/uploads/2009/02/inclusion-exclusion.pdf}},
  month =	 feb,
  year =	 2009
}

@Misc{uiuc00:_under_math_contest,
  language =	 {english},
  key =		 {UIUC-UMC},
  organization = {{University of Illinois at Urbana-Champaign}},
  title =	 {Undergraduate {M}ath {C}ontest},
  howpublished = {\url{http://www.math.uiuc.edu/~hildebr/putnam/undergradproblems.html}},
  year =	 2000
}

@Misc{und11:_math408,
  language =	 {english},
  author =	 {University of North Dakota Mathematics Department},
  title =	 {Math408: Combinatorics},
  howpublished = {\url{http://arts-sciences.und.edu/math/_files/docs/courses/supp/math-408/math-408-notes-b.pdf}},
  month =	 {Spring},
  year =	 2011
}

@Misc{vera11:_lecciones_analisis_complejo,
  language =	 {spanish},
  author =	 {Vera, Gabriel},
  title =	 {Lecciones de An{\'a}lisis Complejo},
  howpublished = {\url{http://webs.um.es/gvb/AC/LeccionesAC.pdf}},
  month =	 sep,
  year =	 2011,
  note =	 {Universidad de Murcia, Espa{\~n}a}
}

@Book{vivaldi13:_math_writing,
  language =	 {english},
  author =	 {Vivaldi, Franco},
  title =	 {Mathematical Writing},
  publisher =	 {University of London},
  year =	 2013,
  month =	 jan,
  note =	 {\url{http://www.maths.qmul.ac.uk/~fv/books/mw/mwbook.pdf}},
}

@Misc{weisstein:_euler_differ_equat,
  language =	 {english},
  author =	 {Weisstein, Eric W.},
  title =	 {Euler Differential Equation},
  howpublished = {\\ \url{http://mathworld.wolfram.com/EulerDifferentialEquation.html}},
  note =	 {From MathWorld -- A Wolfram Web Resource}
}

@Misc{weisstein:_fermat_number,
  language =	 {english},
  author =	 {Weisstein, Eric W.},
  title =	 {Fermat Number},
  howpublished = {\url{http://mathworld.wolfram.com/FermatNumber.html}},
  note =	 {From MathWorld -- A Wolfram Web Resource}
}

@Misc{west12:_gramm_accor_west,
  language =	 {english},
  author =	 {West, Douglas B.},
  title =	 {The Grammar According to {W}est},
  howpublished = {\url{http://www.math.uiuc.edu/~west/grammar.html}},
  year =	 2012,
  annote =	 {Observations on writing mathematics, notation, terminology}
}

@Misc{weston99:_algeb_number_theory,
  language =	 {english},
  author =	 {Weston, Tom},
  title =	 {Algebraic Number Theory},
  howpublished = {\url{https://www.math.umass.edu/~weston/cn/notes.pdf}},
  year =	 1999
}

@Misc{wikimedia06:LowPass3poleCauer,
  key =		 {LowPass3poleCauer},
  language =	 {english},
  title =	 {Circuit Diagram of a 3rd Order Low Pass Filter
		  Using Passive Components
		  (2 Resistors, 2 Capacitors, 1 Inductor)},
  howpublished = {\url{http://commons.wikimedia.org/wiki/File:LowPass3poleCauer.png}},
  month =	 jul,
  year =	 2006,
  annote =	 {Public domain}
}

@Misc{yuan09:_topic_gener_func,
  language =	 {english},
  author =	 {Yuan, Qiaochu},
  title =	 {Topics in Generating Functions},
  howpublished = {\url{http://web.mit.edu/~qchu/Public/TopicsInGF.pdf}},
  month =	 apr,
  year =	 2009
}

@Misc{zeitz98:_combin_i,
  language =	 {english},
  author =	 {Zeitz, Paul},
  title =	 {Combinatorics {I}},
  howpublished = {\url{http://mathcircle.berkeley.edu/archivedocs/1998_1999/lectures/9899lecturepdf/Combinatorics1.pdf}},
  month =	 sep,
  year =	 1998
}

@Misc{zeitz99:_graph_theor,
  language =	 {english},
  author =	 {Zeitz, Paul},
  title =	 {Graph Theory},
  howpublished = {\url{http://mathcircle.berkeley.edu/archivedocs/1998_1999/lectures/9899lecturepdf/Graph.pdf}},
  month =	 mar,
  year =	 1999
}

@Misc{zucker06:_counting,
  language =	 {english},
  author =	 {Zucker, Joshua},
  title =	 {Counting: Binomial Coefficients Everywhere!},
  howpublished = {\url{http://mathcircle.berkeley.edu/BMC6/ps0506/Count_binomial.pdf}},
  month =	 feb,
  year =	 2006
}
